Local time,Ask,Bid,AskVolume,BidVolume
22.01.2024 08:30:00.227 GMT-0600,192.303,192.257,0.012,0.012
22.01.2024 08:30:00.332 GMT-0600,192.463,192.27700000000002,0.012,0.012
22.01.2024 08:30:00.483 GMT-0600,192.343,192.27700000000002,0.012,0.012
22.01.2024 08:30:00.584 GMT-0600,192.34400000000002,192.30599999999998,0.012,0.012
22.01.2024 08:30:00.744 GMT-0600,192.333,192.29700000000003,0.012,0.012
22.01.2024 08:30:00.794 GMT-0600,192.34400000000002,192.296,0.012,0.012
22.01.2024 08:30:00.844 GMT-0600,192.354,192.316,0.012,0.012
22.01.2024 08:30:00.997 GMT-0600,192.463,192.33700000000002,0.012,0.012
22.01.2024 08:30:01.048 GMT-0600,192.46400000000003,192.346,0.012,0.012
22.01.2024 08:30:01.160 GMT-0600,192.46400000000003,192.386,0.012,0.012
22.01.2024 08:30:01.214 GMT-0600,192.49400000000003,192.386,0.012,0.012
22.01.2024 08:30:01.270 GMT-0600,192.493,192.39700000000002,0.012,0.012
22.01.2024 08:30:01.376 GMT-0600,192.49400000000003,192.426,0.012,0.012
22.01.2024 08:30:01.531 GMT-0600,192.49400000000003,192.43599999999998,0.012,0.012
22.01.2024 08:30:01.632 GMT-0600,192.503,192.477,0.012,0.012
22.01.2024 08:30:01.883 GMT-0600,192.49400000000003,192.46599999999998,0.012,0.012
22.01.2024 08:30:01.934 GMT-0600,192.493,192.447,0.012,0.012
22.01.2024 08:30:01.984 GMT-0600,192.484,192.456,0.012,0.012
22.01.2024 08:30:02.035 GMT-0600,192.484,192.43599999999998,0.012,0.012
22.01.2024 08:30:02.135 GMT-0600,192.483,192.417,0.012,0.012
22.01.2024 08:30:02.186 GMT-0600,192.46400000000003,192.40599999999998,0.012,0.012
22.01.2024 08:30:02.287 GMT-0600,192.424,192.396,0.012,0.012
22.01.2024 08:30:02.390 GMT-0600,192.423,192.377,0.012,0.012
22.01.2024 08:30:02.491 GMT-0600,192.424,192.396,0.012,0.012
22.01.2024 08:30:02.541 GMT-0600,192.433,192.39700000000002,0.012,0.012
22.01.2024 08:30:02.592 GMT-0600,192.44299999999998,192.39700000000002,0.012,0.012
22.01.2024 08:30:02.642 GMT-0600,192.44400000000002,192.40599999999998,0.012,0.012
22.01.2024 08:30:02.743 GMT-0600,192.433,192.417,0.012,0.012
22.01.2024 08:30:02.893 GMT-0600,192.41400000000002,192.386,0.012,0.012
22.01.2024 08:30:02.994 GMT-0600,192.38400000000001,192.346,0.012,0.012
22.01.2024 08:30:03.045 GMT-0600,192.37400000000002,192.33599999999998,0.012,0.012
22.01.2024 08:30:03.246 GMT-0600,192.403,192.36700000000002,0.012,0.012
22.01.2024 08:30:03.396 GMT-0600,192.373,192.33700000000002,0.012,0.012
22.01.2024 08:30:03.548 GMT-0600,192.36400000000003,192.33599999999998,0.012,0.012
22.01.2024 08:30:03.598 GMT-0600,192.394,192.356,0.012,0.012
22.01.2024 08:30:03.649 GMT-0600,192.373,192.33700000000002,0.012,0.012
22.01.2024 08:30:03.800 GMT-0600,192.383,192.357,0.012,0.012
22.01.2024 08:30:03.850 GMT-0600,192.293,192.257,0.012,0.012
22.01.2024 08:30:03.951 GMT-0600,192.303,192.26700000000002,0.012,0.012
22.01.2024 08:30:04.052 GMT-0600,192.353,192.317,0.012,0.012
22.01.2024 08:30:04.153 GMT-0600,192.363,192.327,0.012,0.012
22.01.2024 08:30:04.253 GMT-0600,192.38400000000001,192.33599999999998,0.012,0.012
22.01.2024 08:30:04.303 GMT-0600,192.383,192.347,0.012,0.012
22.01.2024 08:30:04.404 GMT-0600,192.373,192.327,0.012,0.012
22.01.2024 08:30:04.505 GMT-0600,192.393,192.357,0.012,0.012
22.01.2024 08:30:04.605 GMT-0600,192.424,192.37599999999998,0.012,0.012
22.01.2024 08:30:04.706 GMT-0600,192.413,192.36700000000002,0.012,0.012
22.01.2024 08:30:04.757 GMT-0600,192.423,192.36700000000002,0.012,0.012
22.01.2024 08:30:04.957 GMT-0600,192.424,192.386,0.012,0.012
22.01.2024 08:30:05.007 GMT-0600,192.463,192.437,0.012,0.012
22.01.2024 08:30:05.108 GMT-0600,192.44299999999998,192.407,0.012,0.012
22.01.2024 08:30:05.209 GMT-0600,192.403,192.36700000000002,0.012,0.012
22.01.2024 08:30:05.311 GMT-0600,192.423,192.387,0.012,0.012
22.01.2024 08:30:05.361 GMT-0600,192.43400000000003,192.386,0.012,0.012
22.01.2024 08:30:05.412 GMT-0600,192.403,192.347,0.012,0.012
22.01.2024 08:30:05.613 GMT-0600,192.41400000000002,192.346,0.012,0.012
22.01.2024 08:30:05.664 GMT-0600,192.424,192.346,0.012,0.012
22.01.2024 08:30:05.714 GMT-0600,192.41400000000002,192.346,0.012,0.012
22.01.2024 08:30:05.765 GMT-0600,192.43400000000003,192.346,0.012,0.012
22.01.2024 08:30:05.865 GMT-0600,192.463,192.39700000000002,0.012,0.012
22.01.2024 08:30:05.917 GMT-0600,192.463,192.347,0.012,0.012
22.01.2024 08:30:05.967 GMT-0600,192.44299999999998,192.347,0.012,0.012
22.01.2024 08:30:06.268 GMT-0600,192.453,192.42700000000002,0.012,0.012
22.01.2024 08:30:06.319 GMT-0600,192.454,192.416,0.012,0.012
22.01.2024 08:30:06.419 GMT-0600,192.433,192.407,0.012,0.012
22.01.2024 08:30:06.470 GMT-0600,192.433,192.36700000000002,0.012,0.012
22.01.2024 08:30:06.571 GMT-0600,192.47400000000002,192.36599999999999,0.012,0.012
22.01.2024 08:30:06.622 GMT-0600,192.493,192.42700000000002,0.012,0.012
22.01.2024 08:30:06.672 GMT-0600,192.47400000000002,192.36599999999999,0.012,0.012
22.01.2024 08:30:06.723 GMT-0600,192.44299999999998,192.36700000000002,0.012,0.012
22.01.2024 08:30:06.973 GMT-0600,192.47400000000002,192.36599999999999,0.012,0.012
22.01.2024 08:30:07.074 GMT-0600,192.47400000000002,192.416,0.012,0.012
22.01.2024 08:30:07.124 GMT-0600,192.44299999999998,192.36700000000002,0.012,0.012
22.01.2024 08:30:07.174 GMT-0600,192.47400000000002,192.426,0.012,0.012
22.01.2024 08:30:07.375 GMT-0600,192.44299999999998,192.407,0.012,0.012
22.01.2024 08:30:07.425 GMT-0600,192.47400000000002,192.426,0.012,0.012
22.01.2024 08:30:07.475 GMT-0600,192.47299999999998,192.437,0.012,0.012
22.01.2024 08:30:07.526 GMT-0600,192.47299999999998,192.42700000000002,0.012,0.012
22.01.2024 08:30:07.576 GMT-0600,192.47400000000002,192.43599999999998,0.012,0.012
22.01.2024 08:30:07.677 GMT-0600,192.46400000000003,192.416,0.012,0.012
22.01.2024 08:30:07.728 GMT-0600,192.46400000000003,192.426,0.012,0.012
22.01.2024 08:30:07.878 GMT-0600,192.484,192.43599999999998,0.012,0.012
22.01.2024 08:30:07.979 GMT-0600,192.483,192.447,0.012,0.012
22.01.2024 08:30:08.079 GMT-0600,192.44400000000002,192.396,0.012,0.012
22.01.2024 08:30:08.330 GMT-0600,192.463,192.39700000000002,0.012,0.012
22.01.2024 08:30:08.431 GMT-0600,192.44299999999998,192.39700000000002,0.012,0.012
22.01.2024 08:30:08.481 GMT-0600,192.463,192.39700000000002,0.012,0.012
22.01.2024 08:30:08.531 GMT-0600,192.44400000000002,192.396,0.012,0.012
22.01.2024 08:30:08.632 GMT-0600,192.463,192.39700000000002,0.012,0.012
22.01.2024 08:30:08.682 GMT-0600,192.454,192.396,0.012,0.012
22.01.2024 08:30:08.833 GMT-0600,192.44400000000002,192.396,0.012,0.012
22.01.2024 08:30:08.934 GMT-0600,192.43400000000003,192.396,0.012,0.012
22.01.2024 08:30:09.084 GMT-0600,192.413,192.36700000000002,0.012,0.012
22.01.2024 08:30:09.135 GMT-0600,192.403,192.377,0.012,0.012
22.01.2024 08:30:09.285 GMT-0600,192.38400000000001,192.346,0.012,0.012
22.01.2024 08:30:09.336 GMT-0600,192.40400000000002,192.36599999999999,0.012,0.012
22.01.2024 08:30:09.436 GMT-0600,192.413,192.36700000000002,0.012,0.012
22.01.2024 08:30:09.536 GMT-0600,192.43400000000003,192.36599999999999,0.012,0.012
22.01.2024 08:30:09.587 GMT-0600,192.453,192.407,0.012,0.012
22.01.2024 08:30:09.687 GMT-0600,192.46400000000003,192.40599999999998,0.012,0.012
22.01.2024 08:30:09.738 GMT-0600,192.454,192.416,0.012,0.012
22.01.2024 08:30:09.788 GMT-0600,192.47400000000002,192.426,0.012,0.012
22.01.2024 08:30:09.889 GMT-0600,192.484,192.43599999999998,0.012,0.012
22.01.2024 08:30:10.089 GMT-0600,192.47299999999998,192.437,0.012,0.012
22.01.2024 08:30:10.190 GMT-0600,192.453,192.42700000000002,0.012,0.012
22.01.2024 08:30:10.291 GMT-0600,192.47299999999998,192.437,0.012,0.012
22.01.2024 08:30:10.341 GMT-0600,192.484,192.456,0.012,0.012
22.01.2024 08:30:10.442 GMT-0600,192.484,192.46599999999998,0.012,0.012
22.01.2024 08:30:10.492 GMT-0600,192.49400000000003,192.46599999999998,0.012,0.012
22.01.2024 08:30:10.593 GMT-0600,192.50400000000002,192.46599999999998,0.012,0.012
22.01.2024 08:30:10.643 GMT-0600,192.544,192.506,0.012,0.012
22.01.2024 08:30:10.744 GMT-0600,192.553,192.51700000000002,0.012,0.012
22.01.2024 08:30:10.794 GMT-0600,192.533,192.48700000000002,0.012,0.012
22.01.2024 08:30:10.845 GMT-0600,192.523,192.48700000000002,0.012,0.012
22.01.2024 08:30:10.945 GMT-0600,192.52400000000003,192.476,0.012,0.012
22.01.2024 08:30:11.195 GMT-0600,192.503,192.477,0.012,0.012
22.01.2024 08:30:11.246 GMT-0600,192.513,192.477,0.012,0.012
22.01.2024 08:30:11.296 GMT-0600,192.49400000000003,192.46599999999998,0.012,0.012
22.01.2024 08:30:11.397 GMT-0600,192.513,192.45700000000002,0.012,0.012
22.01.2024 08:30:11.455 GMT-0600,192.503,192.45700000000002,0.012,0.012
22.01.2024 08:30:11.707 GMT-0600,192.514,192.456,0.012,0.012
22.01.2024 08:30:11.758 GMT-0600,192.503,192.45700000000002,0.012,0.012
22.01.2024 08:30:11.858 GMT-0600,192.453,192.42700000000002,0.012,0.012
22.01.2024 08:30:11.959 GMT-0600,192.454,192.43599999999998,0.012,0.012
22.01.2024 08:30:12.110 GMT-0600,192.393,192.377,0.012,0.012
22.01.2024 08:30:12.313 GMT-0600,192.44299999999998,192.39700000000002,0.012,0.012
22.01.2024 08:30:12.363 GMT-0600,192.454,192.40599999999998,0.012,0.012
22.01.2024 08:30:12.416 GMT-0600,192.463,192.407,0.012,0.012
22.01.2024 08:30:12.968 GMT-0600,192.483,192.42700000000002,0.012,0.012
22.01.2024 08:30:13.219 GMT-0600,192.463,192.42700000000002,0.012,0.012
22.01.2024 08:30:13.369 GMT-0600,192.47400000000002,192.426,0.012,0.012
22.01.2024 08:30:13.620 GMT-0600,192.46400000000003,192.416,0.012,0.012
22.01.2024 08:30:13.721 GMT-0600,192.454,192.40599999999998,0.012,0.012
22.01.2024 08:30:13.872 GMT-0600,192.463,192.407,0.012,0.012
22.01.2024 08:30:14.072 GMT-0600,192.453,192.407,0.012,0.012
22.01.2024 08:30:14.223 GMT-0600,192.433,192.39700000000002,0.012,0.012
22.01.2024 08:30:14.274 GMT-0600,192.423,192.377,0.012,0.012
22.01.2024 08:30:14.475 GMT-0600,192.423,192.387,0.012,0.012
22.01.2024 08:30:14.625 GMT-0600,192.424,192.37599999999998,0.012,0.012
22.01.2024 08:30:14.776 GMT-0600,192.41400000000002,192.36599999999999,0.012,0.012
22.01.2024 08:30:14.876 GMT-0600,192.40400000000002,192.346,0.012,0.012
22.01.2024 08:30:14.927 GMT-0600,192.413,192.347,0.012,0.012
22.01.2024 08:30:15.027 GMT-0600,192.403,192.347,0.012,0.012
22.01.2024 08:30:15.078 GMT-0600,192.41400000000002,192.346,0.012,0.012
22.01.2024 08:30:15.228 GMT-0600,192.40400000000002,192.346,0.012,0.012
22.01.2024 08:30:15.279 GMT-0600,192.41400000000002,192.346,0.012,0.012
22.01.2024 08:30:15.329 GMT-0600,192.41400000000002,192.36599999999999,0.012,0.012
22.01.2024 08:30:15.379 GMT-0600,192.423,192.36700000000002,0.012,0.012
22.01.2024 08:30:15.730 GMT-0600,192.423,192.39700000000002,0.012,0.012
22.01.2024 08:30:15.781 GMT-0600,192.423,192.377,0.012,0.012
22.01.2024 08:30:15.881 GMT-0600,192.41400000000002,192.36599999999999,0.012,0.012
22.01.2024 08:30:16.282 GMT-0600,192.38400000000001,192.36599999999999,0.012,0.012
22.01.2024 08:30:16.483 GMT-0600,192.41400000000002,192.37599999999998,0.012,0.012
22.01.2024 08:30:16.584 GMT-0600,192.413,192.36700000000002,0.012,0.012
22.01.2024 08:30:16.785 GMT-0600,192.413,192.377,0.012,0.012
22.01.2024 08:30:16.835 GMT-0600,192.423,192.36700000000002,0.012,0.012
22.01.2024 08:30:16.986 GMT-0600,192.424,192.37599999999998,0.012,0.012
22.01.2024 08:30:17.186 GMT-0600,192.40400000000002,192.37599999999998,0.012,0.012
22.01.2024 08:30:17.337 GMT-0600,192.40400000000002,192.36599999999999,0.012,0.012
22.01.2024 08:30:17.387 GMT-0600,192.413,192.387,0.012,0.012
22.01.2024 08:30:17.438 GMT-0600,192.424,192.386,0.012,0.012
22.01.2024 08:30:17.588 GMT-0600,192.41400000000002,192.36599999999999,0.012,0.012
22.01.2024 08:30:17.840 GMT-0600,192.423,192.36700000000002,0.012,0.012
22.01.2024 08:30:17.890 GMT-0600,192.41400000000002,192.37599999999998,0.012,0.012
22.01.2024 08:30:17.940 GMT-0600,192.423,192.377,0.012,0.012
22.01.2024 08:30:18.091 GMT-0600,192.424,192.36599999999999,0.012,0.012
22.01.2024 08:30:18.141 GMT-0600,192.413,192.387,0.012,0.012
22.01.2024 08:30:18.192 GMT-0600,192.403,192.36700000000002,0.012,0.012
22.01.2024 08:30:18.242 GMT-0600,192.41400000000002,192.37599999999998,0.012,0.012
22.01.2024 08:30:18.293 GMT-0600,192.413,192.36700000000002,0.012,0.012
22.01.2024 08:30:18.443 GMT-0600,192.43400000000003,192.396,0.012,0.012
22.01.2024 08:30:18.494 GMT-0600,192.413,192.36700000000002,0.012,0.012
22.01.2024 08:30:18.544 GMT-0600,192.413,192.377,0.012,0.012
22.01.2024 08:30:18.594 GMT-0600,192.423,192.36700000000002,0.012,0.012
22.01.2024 08:30:18.745 GMT-0600,192.413,192.377,0.012,0.012
22.01.2024 08:30:18.846 GMT-0600,192.41400000000002,192.36599999999999,0.012,0.012
22.01.2024 08:30:18.946 GMT-0600,192.41400000000002,192.386,0.012,0.012
22.01.2024 08:30:18.997 GMT-0600,192.41400000000002,192.36599999999999,0.012,0.012
22.01.2024 08:30:19.148 GMT-0600,192.403,192.36700000000002,0.012,0.012
22.01.2024 08:30:19.198 GMT-0600,192.41400000000002,192.36599999999999,0.012,0.012
22.01.2024 08:30:19.299 GMT-0600,192.403,192.36700000000002,0.012,0.012
22.01.2024 08:30:19.400 GMT-0600,192.393,192.347,0.012,0.012
22.01.2024 08:30:19.450 GMT-0600,192.373,192.327,0.012,0.012
22.01.2024 08:30:19.551 GMT-0600,192.363,192.317,0.012,0.012
22.01.2024 08:30:19.701 GMT-0600,192.394,192.356,0.012,0.012
22.01.2024 08:30:19.802 GMT-0600,192.40400000000002,192.356,0.012,0.012
22.01.2024 08:30:19.852 GMT-0600,192.40400000000002,192.36599999999999,0.012,0.012
22.01.2024 08:30:19.953 GMT-0600,192.40400000000002,192.37599999999998,0.012,0.012
22.01.2024 08:30:20.003 GMT-0600,192.41400000000002,192.37599999999998,0.012,0.012
22.01.2024 08:30:20.054 GMT-0600,192.423,192.39700000000002,0.012,0.012
22.01.2024 08:30:20.104 GMT-0600,192.41400000000002,192.37599999999998,0.012,0.012
22.01.2024 08:30:20.155 GMT-0600,192.423,192.387,0.012,0.012
22.01.2024 08:30:20.305 GMT-0600,192.41400000000002,192.386,0.012,0.012
22.01.2024 08:30:20.406 GMT-0600,192.44400000000002,192.40599999999998,0.012,0.012
22.01.2024 08:30:20.456 GMT-0600,192.453,192.417,0.012,0.012
22.01.2024 08:30:20.507 GMT-0600,192.483,192.42700000000002,0.012,0.012
22.01.2024 08:30:20.657 GMT-0600,192.483,192.447,0.012,0.012
22.01.2024 08:30:20.708 GMT-0600,192.483,192.437,0.012,0.012
22.01.2024 08:30:20.909 GMT-0600,192.50400000000002,192.446,0.012,0.012
22.01.2024 08:30:21.009 GMT-0600,192.523,192.467,0.012,0.012
22.01.2024 08:30:21.110 GMT-0600,192.514,192.476,0.012,0.012
22.01.2024 08:30:21.160 GMT-0600,192.52400000000003,192.476,0.012,0.012
22.01.2024 08:30:21.211 GMT-0600,192.523,192.48700000000002,0.012,0.012
22.01.2024 08:30:21.361 GMT-0600,192.52400000000003,192.476,0.012,0.012
22.01.2024 08:30:21.462 GMT-0600,192.523,192.48700000000002,0.012,0.012
22.01.2024 08:30:21.563 GMT-0600,192.514,192.46599999999998,0.012,0.012
22.01.2024 08:30:21.663 GMT-0600,192.53400000000002,192.49599999999998,0.012,0.012
22.01.2024 08:30:21.965 GMT-0600,192.53400000000002,192.506,0.012,0.012
22.01.2024 08:30:22.065 GMT-0600,192.533,192.497,0.012,0.012
22.01.2024 08:30:22.417 GMT-0600,192.50400000000002,192.46599999999998,0.012,0.012
22.01.2024 08:30:22.567 GMT-0600,192.52400000000003,192.486,0.012,0.012
22.01.2024 08:30:22.618 GMT-0600,192.514,192.46599999999998,0.012,0.012
22.01.2024 08:30:22.718 GMT-0600,192.52400000000003,192.46599999999998,0.012,0.012
22.01.2024 08:30:22.819 GMT-0600,192.53400000000002,192.49599999999998,0.012,0.012
22.01.2024 08:30:22.920 GMT-0600,192.53400000000002,192.486,0.012,0.012
22.01.2024 08:30:22.970 GMT-0600,192.503,192.48700000000002,0.012,0.012
22.01.2024 08:30:23.121 GMT-0600,192.503,192.477,0.012,0.012
22.01.2024 08:30:23.222 GMT-0600,192.50400000000002,192.46599999999998,0.012,0.012
22.01.2024 08:30:23.322 GMT-0600,192.514,192.476,0.012,0.012
22.01.2024 08:30:23.473 GMT-0600,192.513,192.48700000000002,0.012,0.012
22.01.2024 08:30:23.523 GMT-0600,192.514,192.476,0.012,0.012
22.01.2024 08:30:23.573 GMT-0600,192.50400000000002,192.46599999999998,0.012,0.012
22.01.2024 08:30:23.674 GMT-0600,192.493,192.467,0.012,0.012
22.01.2024 08:30:23.917 GMT-0600,192.47400000000002,192.446,0.012,0.012
22.01.2024 08:30:24.068 GMT-0600,192.47299999999998,192.437,0.012,0.012
22.01.2024 08:30:24.119 GMT-0600,192.46400000000003,192.43599999999998,0.012,0.012
22.01.2024 08:30:24.270 GMT-0600,192.484,192.446,0.012,0.012
22.01.2024 08:30:24.320 GMT-0600,192.49400000000003,192.456,0.012,0.012
22.01.2024 08:30:24.422 GMT-0600,192.483,192.437,0.012,0.012
22.01.2024 08:30:24.472 GMT-0600,192.483,192.447,0.012,0.012
22.01.2024 08:30:24.673 GMT-0600,192.44299999999998,192.417,0.012,0.012
22.01.2024 08:30:24.774 GMT-0600,192.463,192.437,0.012,0.012
22.01.2024 08:30:24.824 GMT-0600,192.47400000000002,192.43599999999998,0.012,0.012
22.01.2024 08:30:24.875 GMT-0600,192.484,192.43599999999998,0.012,0.012
22.01.2024 08:30:25.075 GMT-0600,192.43400000000003,192.40599999999998,0.012,0.012
22.01.2024 08:30:25.126 GMT-0600,192.44400000000002,192.40599999999998,0.012,0.012
22.01.2024 08:30:25.176 GMT-0600,192.454,192.416,0.012,0.012
22.01.2024 08:30:25.226 GMT-0600,192.463,192.417,0.012,0.012
22.01.2024 08:30:25.277 GMT-0600,192.46400000000003,192.426,0.012,0.012
22.01.2024 08:30:25.478 GMT-0600,192.463,192.417,0.012,0.012
22.01.2024 08:30:25.628 GMT-0600,192.46400000000003,192.426,0.012,0.012
22.01.2024 08:30:25.880 GMT-0600,192.463,192.417,0.012,0.012
22.01.2024 08:30:26.031 GMT-0600,192.43400000000003,192.396,0.012,0.012
22.01.2024 08:30:26.132 GMT-0600,192.424,192.386,0.012,0.012
22.01.2024 08:30:26.282 GMT-0600,192.40400000000002,192.36599999999999,0.012,0.012
22.01.2024 08:30:26.383 GMT-0600,192.394,192.36599999999999,0.012,0.012
22.01.2024 08:30:26.484 GMT-0600,192.403,192.36700000000002,0.012,0.012
22.01.2024 08:30:26.635 GMT-0600,192.394,192.36599999999999,0.012,0.012
22.01.2024 08:30:26.685 GMT-0600,192.403,192.36700000000002,0.012,0.012
22.01.2024 08:30:26.936 GMT-0600,192.413,192.377,0.012,0.012
22.01.2024 08:30:26.986 GMT-0600,192.413,192.36700000000002,0.012,0.012
22.01.2024 08:30:27.086 GMT-0600,192.40400000000002,192.36599999999999,0.012,0.012
22.01.2024 08:30:27.237 GMT-0600,192.41400000000002,192.37599999999998,0.012,0.012
22.01.2024 08:30:27.390 GMT-0600,192.40400000000002,192.36599999999999,0.012,0.012
22.01.2024 08:30:27.490 GMT-0600,192.413,192.36700000000002,0.012,0.012
22.01.2024 08:30:27.591 GMT-0600,192.40400000000002,192.36599999999999,0.012,0.012
22.01.2024 08:30:27.741 GMT-0600,192.413,192.36700000000002,0.012,0.012
22.01.2024 08:30:27.842 GMT-0600,192.423,192.36700000000002,0.012,0.012
22.01.2024 08:30:27.942 GMT-0600,192.403,192.36700000000002,0.012,0.012
22.01.2024 08:30:28.344 GMT-0600,192.41400000000002,192.36599999999999,0.012,0.012
22.01.2024 08:30:28.394 GMT-0600,192.40400000000002,192.36599999999999,0.012,0.012
22.01.2024 08:30:28.595 GMT-0600,192.413,192.36700000000002,0.012,0.012
22.01.2024 08:30:29.096 GMT-0600,192.37400000000002,192.33599999999998,0.012,0.012
22.01.2024 08:30:29.247 GMT-0600,192.37400000000002,192.346,0.012,0.012
22.01.2024 08:30:29.297 GMT-0600,192.37400000000002,192.33599999999998,0.012,0.012
22.01.2024 08:30:29.347 GMT-0600,192.373,192.347,0.012,0.012
22.01.2024 08:30:29.598 GMT-0600,192.38400000000001,192.346,0.012,0.012
22.01.2024 08:30:29.749 GMT-0600,192.394,192.346,0.012,0.012
22.01.2024 08:30:30.099 GMT-0600,192.40400000000002,192.346,0.012,0.012
22.01.2024 08:30:30.251 GMT-0600,192.394,192.346,0.012,0.012
22.01.2024 08:30:30.552 GMT-0600,192.413,192.36700000000002,0.012,0.012
22.01.2024 08:30:30.702 GMT-0600,192.383,192.347,0.012,0.012
22.01.2024 08:30:30.903 GMT-0600,192.363,192.33700000000002,0.012,0.012
22.01.2024 08:30:31.003 GMT-0600,192.353,192.317,0.012,0.012
22.01.2024 08:30:31.104 GMT-0600,192.343,192.317,0.012,0.012
22.01.2024 08:30:31.154 GMT-0600,192.34400000000002,192.30599999999998,0.012,0.012
22.01.2024 08:30:31.204 GMT-0600,192.33400000000003,192.296,0.012,0.012
22.01.2024 08:30:31.305 GMT-0600,192.323,192.287,0.012,0.012
22.01.2024 08:30:31.456 GMT-0600,192.343,192.30700000000002,0.012,0.012
22.01.2024 08:30:31.606 GMT-0600,192.343,192.317,0.012,0.012
22.01.2024 08:30:31.657 GMT-0600,192.34400000000002,192.30599999999998,0.012,0.012
22.01.2024 08:30:31.807 GMT-0600,192.343,192.317,0.012,0.012
22.01.2024 08:30:32.058 GMT-0600,192.363,192.33700000000002,0.012,0.012
22.01.2024 08:30:32.109 GMT-0600,192.373,192.33700000000002,0.012,0.012
22.01.2024 08:30:32.510 GMT-0600,192.363,192.33700000000002,0.012,0.012
22.01.2024 08:30:32.561 GMT-0600,192.37400000000002,192.33599999999998,0.012,0.012
22.01.2024 08:30:32.661 GMT-0600,192.383,192.357,0.012,0.012
22.01.2024 08:30:32.712 GMT-0600,192.373,192.33700000000002,0.012,0.012
22.01.2024 08:30:32.762 GMT-0600,192.383,192.347,0.012,0.012
22.01.2024 08:30:32.913 GMT-0600,192.37400000000002,192.346,0.012,0.012
22.01.2024 08:30:33.063 GMT-0600,192.36400000000003,192.33599999999998,0.012,0.012
22.01.2024 08:30:33.214 GMT-0600,192.373,192.33700000000002,0.012,0.012
22.01.2024 08:30:33.264 GMT-0600,192.34400000000002,192.316,0.012,0.012
22.01.2024 08:30:33.415 GMT-0600,192.333,192.317,0.012,0.012
22.01.2024 08:30:33.465 GMT-0600,192.37400000000002,192.326,0.012,0.012
22.01.2024 08:30:33.716 GMT-0600,192.354,192.326,0.012,0.012
22.01.2024 08:30:33.867 GMT-0600,192.333,192.317,0.012,0.012
22.01.2024 08:30:34.118 GMT-0600,192.333,192.30700000000002,0.012,0.012
22.01.2024 08:30:34.218 GMT-0600,192.333,192.29700000000003,0.012,0.012
22.01.2024 08:30:34.269 GMT-0600,192.30400000000003,192.286,0.012,0.012
22.01.2024 08:30:34.470 GMT-0600,192.31400000000002,192.286,0.012,0.012
22.01.2024 08:30:34.520 GMT-0600,192.323,192.29700000000003,0.012,0.012
22.01.2024 08:30:34.570 GMT-0600,192.333,192.29700000000003,0.012,0.012
22.01.2024 08:30:34.621 GMT-0600,192.333,192.30700000000002,0.012,0.012
22.01.2024 08:30:34.822 GMT-0600,192.33400000000003,192.316,0.012,0.012
22.01.2024 08:30:35.022 GMT-0600,192.333,192.30700000000002,0.012,0.012
22.01.2024 08:30:35.173 GMT-0600,192.33400000000003,192.316,0.012,0.012
22.01.2024 08:30:35.323 GMT-0600,192.323,192.30700000000002,0.012,0.012
22.01.2024 08:30:35.374 GMT-0600,192.354,192.316,0.012,0.012
22.01.2024 08:30:35.854 GMT-0600,192.354,192.30599999999998,0.012,0.012
22.01.2024 08:30:36.157 GMT-0600,192.343,192.30700000000002,0.012,0.012
22.01.2024 08:30:36.309 GMT-0600,192.333,192.30700000000002,0.012,0.012
22.01.2024 08:30:36.459 GMT-0600,192.34400000000002,192.30599999999998,0.012,0.012
22.01.2024 08:30:36.610 GMT-0600,192.343,192.317,0.012,0.012
22.01.2024 08:30:36.661 GMT-0600,192.363,192.327,0.012,0.012
22.01.2024 08:30:36.712 GMT-0600,192.354,192.326,0.012,0.012
22.01.2024 08:30:36.813 GMT-0600,192.333,192.30700000000002,0.012,0.012
22.01.2024 08:30:36.863 GMT-0600,192.343,192.30700000000002,0.012,0.012
22.01.2024 08:30:36.913 GMT-0600,192.353,192.317,0.012,0.012
22.01.2024 08:30:37.014 GMT-0600,192.343,192.30700000000002,0.012,0.012
22.01.2024 08:30:37.115 GMT-0600,192.324,192.296,0.012,0.012
22.01.2024 08:30:37.165 GMT-0600,192.33400000000003,192.296,0.012,0.012
22.01.2024 08:30:37.218 GMT-0600,192.363,192.327,0.012,0.012
22.01.2024 08:30:37.369 GMT-0600,192.38400000000001,192.346,0.012,0.012
22.01.2024 08:30:37.470 GMT-0600,192.40400000000002,192.36599999999999,0.012,0.012
22.01.2024 08:30:37.520 GMT-0600,192.413,192.36700000000002,0.012,0.012
22.01.2024 08:30:37.771 GMT-0600,192.424,192.386,0.012,0.012
22.01.2024 08:30:37.821 GMT-0600,192.433,192.387,0.012,0.012
22.01.2024 08:30:37.872 GMT-0600,192.413,192.387,0.012,0.012
22.01.2024 08:30:37.923 GMT-0600,192.413,192.36700000000002,0.012,0.012
22.01.2024 08:30:37.973 GMT-0600,192.413,192.387,0.012,0.012
22.01.2024 08:30:38.073 GMT-0600,192.40400000000002,192.386,0.012,0.012
22.01.2024 08:30:38.124 GMT-0600,192.394,192.36599999999999,0.012,0.012
22.01.2024 08:30:38.726 GMT-0600,192.403,192.377,0.012,0.012
22.01.2024 08:30:38.776 GMT-0600,192.403,192.36700000000002,0.012,0.012
22.01.2024 08:30:38.877 GMT-0600,192.394,192.36599999999999,0.012,0.012
22.01.2024 08:30:38.927 GMT-0600,192.41400000000002,192.36599999999999,0.012,0.012
22.01.2024 08:30:38.978 GMT-0600,192.41400000000002,192.37599999999998,0.012,0.012
22.01.2024 08:30:39.029 GMT-0600,192.44400000000002,192.386,0.012,0.012
22.01.2024 08:30:39.079 GMT-0600,192.423,192.387,0.012,0.012
22.01.2024 08:30:39.179 GMT-0600,192.44400000000002,192.396,0.012,0.012
22.01.2024 08:30:39.280 GMT-0600,192.43400000000003,192.396,0.012,0.012
22.01.2024 08:30:39.330 GMT-0600,192.44299999999998,192.39700000000002,0.012,0.012
22.01.2024 08:30:39.431 GMT-0600,192.454,192.426,0.012,0.012
22.01.2024 08:30:39.581 GMT-0600,192.454,192.416,0.012,0.012
22.01.2024 08:30:39.632 GMT-0600,192.44299999999998,192.417,0.012,0.012
22.01.2024 08:30:39.733 GMT-0600,192.453,192.42700000000002,0.012,0.012
22.01.2024 08:30:39.834 GMT-0600,192.46400000000003,192.446,0.012,0.012
22.01.2024 08:30:39.884 GMT-0600,192.46400000000003,192.426,0.012,0.012
22.01.2024 08:30:39.935 GMT-0600,192.47299999999998,192.447,0.012,0.012
22.01.2024 08:30:39.985 GMT-0600,192.483,192.447,0.012,0.012
22.01.2024 08:30:40.086 GMT-0600,192.493,192.467,0.012,0.012
22.01.2024 08:30:40.386 GMT-0600,192.47400000000002,192.43599999999998,0.012,0.012
22.01.2024 08:30:40.487 GMT-0600,192.453,192.42700000000002,0.012,0.012
22.01.2024 08:30:40.537 GMT-0600,192.46400000000003,192.426,0.012,0.012
22.01.2024 08:30:40.588 GMT-0600,192.46400000000003,192.416,0.012,0.012
22.01.2024 08:30:40.638 GMT-0600,192.454,192.426,0.012,0.012
22.01.2024 08:30:40.789 GMT-0600,192.47299999999998,192.437,0.012,0.012
22.01.2024 08:30:40.839 GMT-0600,192.483,192.447,0.012,0.012
22.01.2024 08:30:40.889 GMT-0600,192.49400000000003,192.446,0.012,0.012
22.01.2024 08:30:40.992 GMT-0600,192.47400000000002,192.43599999999998,0.012,0.012
22.01.2024 08:30:41.144 GMT-0600,192.484,192.446,0.012,0.012
22.01.2024 08:30:41.195 GMT-0600,192.493,192.447,0.012,0.012
22.01.2024 08:30:41.445 GMT-0600,192.49400000000003,192.456,0.012,0.012
22.01.2024 08:30:41.496 GMT-0600,192.49400000000003,192.446,0.012,0.012
22.01.2024 08:30:41.746 GMT-0600,192.493,192.477,0.012,0.012
22.01.2024 08:30:41.847 GMT-0600,192.493,192.45700000000002,0.012,0.012
22.01.2024 08:30:41.947 GMT-0600,192.493,192.447,0.012,0.012
22.01.2024 08:30:42.048 GMT-0600,192.493,192.437,0.012,0.012
22.01.2024 08:30:42.098 GMT-0600,192.484,192.43599999999998,0.012,0.012
22.01.2024 08:30:42.199 GMT-0600,192.47400000000002,192.43599999999998,0.012,0.012
22.01.2024 08:30:42.400 GMT-0600,192.47400000000002,192.446,0.012,0.012
22.01.2024 08:30:42.450 GMT-0600,192.46400000000003,192.426,0.012,0.012
22.01.2024 08:30:42.551 GMT-0600,192.463,192.437,0.012,0.012
22.01.2024 08:30:42.902 GMT-0600,192.493,192.45700000000002,0.012,0.012
22.01.2024 08:30:42.952 GMT-0600,192.484,192.456,0.012,0.012
22.01.2024 08:30:43.003 GMT-0600,192.483,192.447,0.012,0.012
22.01.2024 08:30:43.103 GMT-0600,192.463,192.42700000000002,0.012,0.012
22.01.2024 08:30:43.304 GMT-0600,192.454,192.43599999999998,0.012,0.012
22.01.2024 08:30:43.355 GMT-0600,192.453,192.417,0.012,0.012
22.01.2024 08:30:43.756 GMT-0600,192.44299999999998,192.417,0.012,0.012
22.01.2024 08:30:44.157 GMT-0600,192.454,192.416,0.012,0.012
22.01.2024 08:30:44.508 GMT-0600,192.44299999999998,192.417,0.012,0.012
22.01.2024 08:30:44.558 GMT-0600,192.454,192.416,0.012,0.012
22.01.2024 08:30:45.210 GMT-0600,192.403,192.387,0.012,0.012
22.01.2024 08:30:45.260 GMT-0600,192.44299999999998,192.39700000000002,0.012,0.012
22.01.2024 08:30:45.511 GMT-0600,192.453,192.407,0.012,0.012
22.01.2024 08:30:45.612 GMT-0600,192.453,192.39700000000002,0.012,0.012
22.01.2024 08:30:46.414 GMT-0600,192.423,192.407,0.012,0.012
22.01.2024 08:30:46.815 GMT-0600,192.423,192.39700000000002,0.012,0.012
22.01.2024 08:30:47.015 GMT-0600,192.454,192.416,0.012,0.012
22.01.2024 08:30:47.417 GMT-0600,192.44400000000002,192.416,0.012,0.012
22.01.2024 08:30:47.468 GMT-0600,192.44299999999998,192.407,0.012,0.012
22.01.2024 08:30:47.769 GMT-0600,192.453,192.417,0.012,0.012
22.01.2024 08:30:48.170 GMT-0600,192.463,192.42700000000002,0.012,0.012
22.01.2024 08:30:48.972 GMT-0600,192.47299999999998,192.437,0.012,0.012
22.01.2024 08:30:49.223 GMT-0600,192.463,192.42700000000002,0.012,0.012
22.01.2024 08:30:49.536 GMT-0600,192.454,192.43599999999998,0.012,0.012
22.01.2024 08:30:49.587 GMT-0600,192.463,192.437,0.012,0.012
22.01.2024 08:30:49.839 GMT-0600,192.46400000000003,192.426,0.012,0.012
22.01.2024 08:30:50.047 GMT-0600,192.46400000000003,192.43599999999998,0.012,0.012
22.01.2024 08:30:50.149 GMT-0600,192.454,192.426,0.012,0.012
22.01.2024 08:30:50.302 GMT-0600,192.44299999999998,192.417,0.012,0.012
22.01.2024 08:30:50.452 GMT-0600,192.453,192.42700000000002,0.012,0.012
22.01.2024 08:30:50.603 GMT-0600,192.46400000000003,192.43599999999998,0.012,0.012
22.01.2024 08:30:50.704 GMT-0600,192.463,192.42700000000002,0.012,0.012
22.01.2024 08:30:50.854 GMT-0600,192.46400000000003,192.43599999999998,0.012,0.012
22.01.2024 08:30:51.059 GMT-0600,192.453,192.42700000000002,0.012,0.012
22.01.2024 08:30:51.360 GMT-0600,192.423,192.407,0.012,0.012
22.01.2024 08:30:51.460 GMT-0600,192.43400000000003,192.40599999999998,0.012,0.012
22.01.2024 08:30:51.511 GMT-0600,192.433,192.417,0.012,0.012
22.01.2024 08:30:51.611 GMT-0600,192.44400000000002,192.416,0.012,0.012
22.01.2024 08:30:51.662 GMT-0600,192.454,192.426,0.012,0.012
22.01.2024 08:30:51.963 GMT-0600,192.453,192.417,0.012,0.012
22.01.2024 08:30:52.063 GMT-0600,192.433,192.407,0.012,0.012
22.01.2024 08:30:52.364 GMT-0600,192.433,192.417,0.012,0.012
22.01.2024 08:30:52.465 GMT-0600,192.423,192.407,0.012,0.012
22.01.2024 08:30:52.716 GMT-0600,192.423,192.39700000000002,0.012,0.012
22.01.2024 08:30:52.867 GMT-0600,192.413,192.39700000000002,0.012,0.012
22.01.2024 08:30:52.968 GMT-0600,192.424,192.40599999999998,0.012,0.012
22.01.2024 08:30:53.018 GMT-0600,192.424,192.396,0.012,0.012
22.01.2024 08:30:53.068 GMT-0600,192.43400000000003,192.416,0.012,0.012
22.01.2024 08:30:53.119 GMT-0600,192.44400000000002,192.416,0.012,0.012
22.01.2024 08:30:53.169 GMT-0600,192.44299999999998,192.42700000000002,0.012,0.012
22.01.2024 08:30:53.220 GMT-0600,192.453,192.42700000000002,0.012,0.012
22.01.2024 08:30:53.270 GMT-0600,192.44400000000002,192.416,0.012,0.012
22.01.2024 08:30:53.371 GMT-0600,192.44299999999998,192.407,0.012,0.012
22.01.2024 08:30:53.471 GMT-0600,192.454,192.426,0.012,0.012
22.01.2024 08:30:53.572 GMT-0600,192.44400000000002,192.416,0.012,0.012
22.01.2024 08:30:53.722 GMT-0600,192.44299999999998,192.407,0.012,0.012
22.01.2024 08:30:53.873 GMT-0600,192.453,192.42700000000002,0.012,0.012
22.01.2024 08:30:54.224 GMT-0600,192.46400000000003,192.43599999999998,0.012,0.012
22.01.2024 08:30:54.274 GMT-0600,192.46400000000003,192.426,0.012,0.012
22.01.2024 08:30:54.575 GMT-0600,192.463,192.437,0.012,0.012
22.01.2024 08:30:54.676 GMT-0600,192.46400000000003,192.426,0.012,0.012
22.01.2024 08:30:54.726 GMT-0600,192.47299999999998,192.437,0.012,0.012
22.01.2024 08:30:54.977 GMT-0600,192.47299999999998,192.447,0.012,0.012
22.01.2024 08:30:55.128 GMT-0600,192.484,192.456,0.012,0.012
22.01.2024 08:30:55.278 GMT-0600,192.47299999999998,192.437,0.012,0.012
22.01.2024 08:30:55.329 GMT-0600,192.47400000000002,192.446,0.012,0.012
22.01.2024 08:30:55.429 GMT-0600,192.47400000000002,192.426,0.012,0.012
22.01.2024 08:30:55.480 GMT-0600,192.47299999999998,192.437,0.012,0.012
22.01.2024 08:30:55.630 GMT-0600,192.483,192.447,0.012,0.012
22.01.2024 08:30:55.881 GMT-0600,192.503,192.467,0.012,0.012
22.01.2024 08:30:55.982 GMT-0600,192.523,192.497,0.012,0.012
22.01.2024 08:30:56.032 GMT-0600,192.52400000000003,192.486,0.012,0.012
22.01.2024 08:30:56.233 GMT-0600,192.503,192.467,0.012,0.012
22.01.2024 08:30:56.334 GMT-0600,192.483,192.45700000000002,0.012,0.012
22.01.2024 08:30:56.384 GMT-0600,192.47299999999998,192.42700000000002,0.012,0.012
22.01.2024 08:30:56.485 GMT-0600,192.47400000000002,192.446,0.012,0.012
22.01.2024 08:30:56.736 GMT-0600,192.46400000000003,192.446,0.012,0.012
22.01.2024 08:30:56.986 GMT-0600,192.47299999999998,192.42700000000002,0.012,0.012
22.01.2024 08:30:57.037 GMT-0600,192.484,192.456,0.012,0.012
22.01.2024 08:30:57.488 GMT-0600,192.49400000000003,192.456,0.012,0.012
22.01.2024 08:30:57.589 GMT-0600,192.503,192.467,0.012,0.012
22.01.2024 08:30:57.990 GMT-0600,192.513,192.477,0.012,0.012
22.01.2024 08:30:58.140 GMT-0600,192.533,192.497,0.012,0.012
22.01.2024 08:30:58.492 GMT-0600,192.52400000000003,192.486,0.012,0.012
22.01.2024 08:30:58.593 GMT-0600,192.533,192.507,0.012,0.012
22.01.2024 08:30:58.643 GMT-0600,192.553,192.507,0.012,0.012
22.01.2024 08:30:58.744 GMT-0600,192.553,192.497,0.012,0.012
22.01.2024 08:30:58.794 GMT-0600,192.52400000000003,192.49599999999998,0.012,0.012
22.01.2024 08:30:58.845 GMT-0600,192.523,192.48700000000002,0.012,0.012
22.01.2024 08:30:58.995 GMT-0600,192.533,192.497,0.012,0.012
22.01.2024 08:30:59.247 GMT-0600,192.55400000000003,192.506,0.012,0.012
22.01.2024 08:30:59.347 GMT-0600,192.53400000000002,192.506,0.012,0.012
22.01.2024 08:30:59.398 GMT-0600,192.533,192.497,0.012,0.012
22.01.2024 08:30:59.448 GMT-0600,192.514,192.486,0.012,0.012
22.01.2024 08:30:59.499 GMT-0600,192.52400000000003,192.486,0.012,0.012
22.01.2024 08:30:59.649 GMT-0600,192.514,192.486,0.012,0.012
22.01.2024 08:30:59.699 GMT-0600,192.52400000000003,192.486,0.012,0.012
22.01.2024 08:30:59.900 GMT-0600,192.513,192.48700000000002,0.012,0.012
22.01.2024 08:31:00.001 GMT-0600,192.514,192.476,0.012,0.012
22.01.2024 08:31:00.103 GMT-0600,192.493,192.467,0.012,0.012
22.01.2024 08:31:00.255 GMT-0600,192.493,192.45700000000002,0.012,0.012
22.01.2024 08:31:00.305 GMT-0600,192.47400000000002,192.456,0.012,0.012
22.01.2024 08:31:00.456 GMT-0600,192.47400000000002,192.446,0.012,0.012
22.01.2024 08:31:00.556 GMT-0600,192.46400000000003,192.446,0.012,0.012
22.01.2024 08:31:00.607 GMT-0600,192.453,192.42700000000002,0.012,0.012
22.01.2024 08:31:00.707 GMT-0600,192.483,192.45700000000002,0.012,0.012
22.01.2024 08:31:00.858 GMT-0600,192.493,192.45700000000002,0.012,0.012
22.01.2024 08:31:01.009 GMT-0600,192.47400000000002,192.456,0.012,0.012
22.01.2024 08:31:01.059 GMT-0600,192.49400000000003,192.456,0.012,0.012
22.01.2024 08:31:01.110 GMT-0600,192.50400000000002,192.476,0.012,0.012
22.01.2024 08:31:01.210 GMT-0600,192.50400000000002,192.46599999999998,0.012,0.012
22.01.2024 08:31:01.261 GMT-0600,192.49400000000003,192.46599999999998,0.012,0.012
22.01.2024 08:31:01.462 GMT-0600,192.533,192.497,0.012,0.012
22.01.2024 08:31:01.562 GMT-0600,192.53400000000002,192.486,0.012,0.012
22.01.2024 08:31:01.763 GMT-0600,192.523,192.48700000000002,0.012,0.012
22.01.2024 08:31:01.813 GMT-0600,192.553,192.507,0.012,0.012
22.01.2024 08:31:01.864 GMT-0600,192.53400000000002,192.506,0.012,0.012
22.01.2024 08:31:01.964 GMT-0600,192.523,192.48700000000002,0.012,0.012
22.01.2024 08:31:02.065 GMT-0600,192.533,192.497,0.012,0.012
22.01.2024 08:31:02.515 GMT-0600,192.514,192.49599999999998,0.012,0.012
22.01.2024 08:31:02.654 GMT-0600,192.483,192.467,0.012,0.012
22.01.2024 08:31:02.705 GMT-0600,192.49400000000003,192.46599999999998,0.012,0.012
22.01.2024 08:31:02.755 GMT-0600,192.483,192.467,0.012,0.012
22.01.2024 08:31:02.856 GMT-0600,192.49400000000003,192.456,0.012,0.012
22.01.2024 08:31:03.007 GMT-0600,192.463,192.437,0.012,0.012
22.01.2024 08:31:03.159 GMT-0600,192.453,192.42700000000002,0.012,0.012
22.01.2024 08:31:03.210 GMT-0600,192.463,192.42700000000002,0.012,0.012
22.01.2024 08:31:03.360 GMT-0600,192.454,192.426,0.012,0.012
22.01.2024 08:31:03.511 GMT-0600,192.463,192.437,0.012,0.012
22.01.2024 08:31:03.562 GMT-0600,192.47400000000002,192.43599999999998,0.012,0.012
22.01.2024 08:31:03.813 GMT-0600,192.484,192.446,0.012,0.012
22.01.2024 08:31:03.915 GMT-0600,192.47400000000002,192.446,0.012,0.012
22.01.2024 08:31:04.016 GMT-0600,192.46400000000003,192.446,0.012,0.012
22.01.2024 08:31:04.116 GMT-0600,192.47400000000002,192.43599999999998,0.012,0.012
22.01.2024 08:31:04.469 GMT-0600,192.50400000000002,192.46599999999998,0.012,0.012
22.01.2024 08:31:04.619 GMT-0600,192.483,192.45700000000002,0.012,0.012
22.01.2024 08:31:04.672 GMT-0600,192.484,192.446,0.012,0.012
22.01.2024 08:31:04.722 GMT-0600,192.49400000000003,192.456,0.012,0.012
22.01.2024 08:31:04.823 GMT-0600,192.493,192.467,0.012,0.012
22.01.2024 08:31:04.973 GMT-0600,192.514,192.486,0.012,0.012
22.01.2024 08:31:05.024 GMT-0600,192.513,192.477,0.012,0.012
22.01.2024 08:31:05.074 GMT-0600,192.514,192.486,0.012,0.012
22.01.2024 08:31:05.124 GMT-0600,192.52400000000003,192.486,0.012,0.012
22.01.2024 08:31:05.175 GMT-0600,192.513,192.48700000000002,0.012,0.012
22.01.2024 08:31:05.326 GMT-0600,192.52400000000003,192.49599999999998,0.012,0.012
22.01.2024 08:31:05.426 GMT-0600,192.553,192.51700000000002,0.012,0.012
22.01.2024 08:31:05.477 GMT-0600,192.553,192.507,0.012,0.012
22.01.2024 08:31:05.527 GMT-0600,192.56400000000002,192.536,0.012,0.012
22.01.2024 08:31:05.628 GMT-0600,192.574,192.536,0.012,0.012
22.01.2024 08:31:05.678 GMT-0600,192.573,192.55700000000002,0.012,0.012
22.01.2024 08:31:05.728 GMT-0600,192.593,192.55700000000002,0.012,0.012
22.01.2024 08:31:05.829 GMT-0600,192.593,192.567,0.012,0.012
22.01.2024 08:31:06.080 GMT-0600,192.58400000000003,192.566,0.012,0.012
22.01.2024 08:31:06.180 GMT-0600,192.58400000000003,192.55599999999998,0.012,0.012
22.01.2024 08:31:06.231 GMT-0600,192.593,192.55700000000002,0.012,0.012
22.01.2024 08:31:06.281 GMT-0600,192.59400000000002,192.566,0.012,0.012
22.01.2024 08:31:06.432 GMT-0600,192.603,192.567,0.012,0.012
22.01.2024 08:31:06.582 GMT-0600,192.574,192.55599999999998,0.012,0.012
22.01.2024 08:31:06.632 GMT-0600,192.573,192.54700000000003,0.012,0.012
22.01.2024 08:31:06.683 GMT-0600,192.573,192.537,0.012,0.012
22.01.2024 08:31:06.783 GMT-0600,192.604,192.566,0.012,0.012
22.01.2024 08:31:06.884 GMT-0600,192.613,192.58700000000002,0.012,0.012
22.01.2024 08:31:07.085 GMT-0600,192.593,192.577,0.012,0.012
22.01.2024 08:31:07.285 GMT-0600,192.61400000000003,192.596,0.012,0.012
22.01.2024 08:31:07.386 GMT-0600,192.61400000000003,192.58599999999998,0.012,0.012
22.01.2024 08:31:07.636 GMT-0600,192.58400000000003,192.546,0.012,0.012
22.01.2024 08:31:07.837 GMT-0600,192.573,192.55700000000002,0.012,0.012
22.01.2024 08:31:07.989 GMT-0600,192.603,192.577,0.012,0.012
22.01.2024 08:31:08.039 GMT-0600,192.613,192.58700000000002,0.012,0.012
22.01.2024 08:31:08.290 GMT-0600,192.61400000000003,192.576,0.012,0.012
22.01.2024 08:31:08.541 GMT-0600,192.613,192.597,0.012,0.012
22.01.2024 08:31:08.591 GMT-0600,192.613,192.58700000000002,0.012,0.012
22.01.2024 08:31:08.692 GMT-0600,192.603,192.577,0.012,0.012
22.01.2024 08:31:09.043 GMT-0600,192.583,192.567,0.012,0.012
22.01.2024 08:31:09.194 GMT-0600,192.58400000000003,192.55599999999998,0.012,0.012
22.01.2024 08:31:09.394 GMT-0600,192.573,192.54700000000003,0.012,0.012
22.01.2024 08:31:09.545 GMT-0600,192.56400000000002,192.536,0.012,0.012
22.01.2024 08:31:09.695 GMT-0600,192.55400000000003,192.52599999999998,0.012,0.012
22.01.2024 08:31:09.746 GMT-0600,192.553,192.51700000000002,0.012,0.012
22.01.2024 08:31:09.796 GMT-0600,192.563,192.52700000000002,0.012,0.012
22.01.2024 08:31:09.897 GMT-0600,192.574,192.546,0.012,0.012
22.01.2024 08:31:09.947 GMT-0600,192.593,192.55700000000002,0.012,0.012
22.01.2024 08:31:10.047 GMT-0600,192.603,192.567,0.012,0.012
22.01.2024 08:31:10.148 GMT-0600,192.644,192.58599999999998,0.012,0.012
22.01.2024 08:31:10.249 GMT-0600,192.623,192.577,0.012,0.012
22.01.2024 08:31:10.349 GMT-0600,192.62400000000002,192.566,0.012,0.012
22.01.2024 08:31:10.550 GMT-0600,192.603,192.567,0.012,0.012
22.01.2024 08:31:10.751 GMT-0600,192.62400000000002,192.58599999999998,0.012,0.012
22.01.2024 08:31:11.202 GMT-0600,192.613,192.577,0.012,0.012
22.01.2024 08:31:11.403 GMT-0600,192.604,192.576,0.012,0.012
22.01.2024 08:31:11.503 GMT-0600,192.61400000000003,192.576,0.012,0.012
22.01.2024 08:31:11.604 GMT-0600,192.613,192.58700000000002,0.012,0.012
22.01.2024 08:31:11.704 GMT-0600,192.62400000000002,192.58599999999998,0.012,0.012
22.01.2024 08:31:11.755 GMT-0600,192.644,192.606,0.012,0.012
22.01.2024 08:31:12.005 GMT-0600,192.643,192.58700000000002,0.012,0.012
22.01.2024 08:31:12.206 GMT-0600,192.62400000000002,192.58599999999998,0.012,0.012
22.01.2024 08:31:12.457 GMT-0600,192.644,192.596,0.012,0.012
22.01.2024 08:31:12.507 GMT-0600,192.623,192.58700000000002,0.012,0.012
22.01.2024 08:31:12.758 GMT-0600,192.643,192.58700000000002,0.012,0.012
22.01.2024 08:31:12.908 GMT-0600,192.62400000000002,192.58599999999998,0.012,0.012
22.01.2024 08:31:13.009 GMT-0600,192.62400000000002,192.596,0.012,0.012
22.01.2024 08:31:13.059 GMT-0600,192.643,192.607,0.012,0.012
22.01.2024 08:31:13.160 GMT-0600,192.62400000000002,192.58599999999998,0.012,0.012
22.01.2024 08:31:13.360 GMT-0600,192.62400000000002,192.596,0.012,0.012
22.01.2024 08:31:13.461 GMT-0600,192.62400000000002,192.58599999999998,0.012,0.012
22.01.2024 08:31:13.712 GMT-0600,192.623,192.597,0.012,0.012
22.01.2024 08:31:13.862 GMT-0600,192.63400000000001,192.58599999999998,0.012,0.012
22.01.2024 08:31:14.063 GMT-0600,192.653,192.627,0.012,0.012
22.01.2024 08:31:14.744 GMT-0600,192.65400000000002,192.61599999999999,0.012,0.012
22.01.2024 08:31:14.794 GMT-0600,192.644,192.61599999999999,0.012,0.012
22.01.2024 08:31:14.894 GMT-0600,192.643,192.607,0.012,0.012
22.01.2024 08:31:14.945 GMT-0600,192.643,192.61700000000002,0.012,0.012
22.01.2024 08:31:15.046 GMT-0600,192.633,192.607,0.012,0.012
22.01.2024 08:31:15.197 GMT-0600,192.643,192.61700000000002,0.012,0.012
22.01.2024 08:31:15.247 GMT-0600,192.644,192.606,0.012,0.012
22.01.2024 08:31:15.297 GMT-0600,192.653,192.627,0.012,0.012
22.01.2024 08:31:15.848 GMT-0600,192.653,192.637,0.012,0.012
22.01.2024 08:31:16.099 GMT-0600,192.65400000000002,192.62599999999998,0.012,0.012
22.01.2024 08:31:16.199 GMT-0600,192.643,192.627,0.012,0.012
22.01.2024 08:31:16.249 GMT-0600,192.653,192.627,0.012,0.012
22.01.2024 08:31:16.500 GMT-0600,192.65400000000002,192.636,0.012,0.012
22.01.2024 08:31:16.851 GMT-0600,192.643,192.607,0.012,0.012
22.01.2024 08:31:17.101 GMT-0600,192.653,192.61700000000002,0.012,0.012
22.01.2024 08:31:17.252 GMT-0600,192.653,192.627,0.012,0.012
22.01.2024 08:31:17.302 GMT-0600,192.653,192.61700000000002,0.012,0.012
22.01.2024 08:31:17.453 GMT-0600,192.653,192.627,0.012,0.012
22.01.2024 08:31:17.603 GMT-0600,192.683,192.637,0.012,0.012
22.01.2024 08:31:17.804 GMT-0600,192.68400000000003,192.62599999999998,0.012,0.012
22.01.2024 08:31:18.105 GMT-0600,192.65400000000002,192.62599999999998,0.012,0.012
22.01.2024 08:31:18.255 GMT-0600,192.683,192.637,0.012,0.012
22.01.2024 08:31:18.507 GMT-0600,192.683,192.627,0.012,0.012
22.01.2024 08:31:18.557 GMT-0600,192.673,192.637,0.012,0.012
22.01.2024 08:31:18.658 GMT-0600,192.653,192.61700000000002,0.012,0.012
22.01.2024 08:31:18.958 GMT-0600,192.674,192.636,0.012,0.012
22.01.2024 08:31:19.059 GMT-0600,192.66400000000002,192.62599999999998,0.012,0.012
22.01.2024 08:31:19.259 GMT-0600,192.65400000000002,192.62599999999998,0.012,0.012
22.01.2024 08:31:19.360 GMT-0600,192.644,192.61599999999999,0.012,0.012
22.01.2024 08:31:20.461 GMT-0600,192.653,192.61700000000002,0.012,0.012
22.01.2024 08:31:20.562 GMT-0600,192.674,192.636,0.012,0.012
22.01.2024 08:31:20.713 GMT-0600,192.613,192.58700000000002,0.012,0.012
22.01.2024 08:31:20.763 GMT-0600,192.63400000000001,192.596,0.012,0.012
22.01.2024 08:31:20.814 GMT-0600,192.62400000000002,192.58599999999998,0.012,0.012
22.01.2024 08:31:21.164 GMT-0600,192.603,192.58700000000002,0.012,0.012
22.01.2024 08:31:21.265 GMT-0600,192.59400000000002,192.576,0.012,0.012
22.01.2024 08:31:21.416 GMT-0600,192.583,192.55700000000002,0.012,0.012
22.01.2024 08:31:21.617 GMT-0600,192.58400000000003,192.546,0.012,0.012
22.01.2024 08:31:21.868 GMT-0600,192.58400000000003,192.55599999999998,0.012,0.012
22.01.2024 08:31:21.918 GMT-0600,192.583,192.54700000000003,0.012,0.012
22.01.2024 08:31:21.968 GMT-0600,192.583,192.55700000000002,0.012,0.012
22.01.2024 08:31:22.069 GMT-0600,192.59400000000002,192.55599999999998,0.012,0.012
22.01.2024 08:31:22.370 GMT-0600,192.593,192.567,0.012,0.012
22.01.2024 08:31:22.470 GMT-0600,192.603,192.567,0.012,0.012
22.01.2024 08:31:22.621 GMT-0600,192.623,192.577,0.012,0.012
22.01.2024 08:31:22.672 GMT-0600,192.61400000000003,192.58599999999998,0.012,0.012
22.01.2024 08:31:22.822 GMT-0600,192.62400000000002,192.58599999999998,0.012,0.012
22.01.2024 08:31:22.873 GMT-0600,192.62400000000002,192.576,0.012,0.012
22.01.2024 08:31:22.923 GMT-0600,192.603,192.567,0.012,0.012
22.01.2024 08:31:23.024 GMT-0600,192.613,192.567,0.012,0.012
22.01.2024 08:31:23.074 GMT-0600,192.62400000000002,192.576,0.012,0.012
22.01.2024 08:31:23.827 GMT-0600,192.633,192.58700000000002,0.012,0.012
22.01.2024 08:31:23.978 GMT-0600,192.623,192.58700000000002,0.012,0.012
22.01.2024 08:31:24.078 GMT-0600,192.633,192.58700000000002,0.012,0.012
22.01.2024 08:31:24.128 GMT-0600,192.63400000000001,192.606,0.012,0.012
22.01.2024 08:31:24.329 GMT-0600,192.623,192.607,0.012,0.012
22.01.2024 08:31:24.384 GMT-0600,192.633,192.58700000000002,0.012,0.012
22.01.2024 08:31:24.534 GMT-0600,192.63400000000001,192.606,0.012,0.012
22.01.2024 08:31:24.735 GMT-0600,192.643,192.607,0.012,0.012
22.01.2024 08:31:24.985 GMT-0600,192.643,192.61700000000002,0.012,0.012
22.01.2024 08:31:25.236 GMT-0600,192.62400000000002,192.58599999999998,0.012,0.012
22.01.2024 08:31:25.386 GMT-0600,192.63400000000001,192.596,0.012,0.012
22.01.2024 08:31:25.436 GMT-0600,192.63400000000001,192.58599999999998,0.012,0.012
22.01.2024 08:31:25.487 GMT-0600,192.63400000000001,192.576,0.012,0.012
22.01.2024 08:31:25.587 GMT-0600,192.633,192.597,0.012,0.012
22.01.2024 08:31:25.638 GMT-0600,192.633,192.58700000000002,0.012,0.012
22.01.2024 08:31:25.738 GMT-0600,192.633,192.577,0.012,0.012
22.01.2024 08:31:25.889 GMT-0600,192.63400000000001,192.58599999999998,0.012,0.012
22.01.2024 08:31:26.040 GMT-0600,192.644,192.596,0.012,0.012
22.01.2024 08:31:26.591 GMT-0600,192.644,192.61599999999999,0.012,0.012
22.01.2024 08:31:26.691 GMT-0600,192.663,192.627,0.012,0.012
22.01.2024 08:31:26.741 GMT-0600,192.663,192.637,0.012,0.012
22.01.2024 08:31:26.842 GMT-0600,192.66400000000002,192.62599999999998,0.012,0.012
22.01.2024 08:31:26.993 GMT-0600,192.674,192.62599999999998,0.012,0.012
22.01.2024 08:31:27.093 GMT-0600,192.653,192.627,0.012,0.012
22.01.2024 08:31:27.144 GMT-0600,192.66400000000002,192.62599999999998,0.012,0.012
22.01.2024 08:31:27.194 GMT-0600,192.65400000000002,192.61599999999999,0.012,0.012
22.01.2024 08:31:27.495 GMT-0600,192.643,192.597,0.012,0.012
22.01.2024 08:31:27.546 GMT-0600,192.653,192.61700000000002,0.012,0.012
22.01.2024 08:31:27.696 GMT-0600,192.65400000000002,192.606,0.012,0.012
22.01.2024 08:31:27.847 GMT-0600,192.66400000000002,192.61599999999999,0.012,0.012
22.01.2024 08:31:28.047 GMT-0600,192.644,192.606,0.012,0.012
22.01.2024 08:31:28.148 GMT-0600,192.643,192.597,0.012,0.012
22.01.2024 08:31:28.198 GMT-0600,192.633,192.597,0.012,0.012
22.01.2024 08:31:28.399 GMT-0600,192.644,192.596,0.012,0.012
22.01.2024 08:31:28.449 GMT-0600,192.633,192.597,0.012,0.012
22.01.2024 08:31:28.499 GMT-0600,192.62400000000002,192.576,0.012,0.012
22.01.2024 08:31:28.600 GMT-0600,192.63400000000001,192.576,0.012,0.012
22.01.2024 08:31:28.650 GMT-0600,192.633,192.597,0.012,0.012
22.01.2024 08:31:28.772 GMT-0600,192.643,192.607,0.012,0.012
22.01.2024 08:31:28.874 GMT-0600,192.63400000000001,192.596,0.012,0.012
22.01.2024 08:31:29.129 GMT-0600,192.62400000000002,192.576,0.012,0.012
22.01.2024 08:31:29.181 GMT-0600,192.63400000000001,192.606,0.012,0.012
22.01.2024 08:31:29.332 GMT-0600,192.643,192.61700000000002,0.012,0.012
22.01.2024 08:31:29.532 GMT-0600,192.63400000000001,192.596,0.012,0.012
22.01.2024 08:31:29.583 GMT-0600,192.644,192.596,0.012,0.012
22.01.2024 08:31:29.634 GMT-0600,192.63400000000001,192.596,0.012,0.012
22.01.2024 08:31:29.737 GMT-0600,192.643,192.61700000000002,0.012,0.012
22.01.2024 08:31:29.838 GMT-0600,192.62400000000002,192.576,0.012,0.012
22.01.2024 08:31:30.039 GMT-0600,192.613,192.58700000000002,0.012,0.012
22.01.2024 08:31:30.089 GMT-0600,192.623,192.58700000000002,0.012,0.012
22.01.2024 08:31:30.240 GMT-0600,192.623,192.577,0.012,0.012
22.01.2024 08:31:30.391 GMT-0600,192.62400000000002,192.596,0.012,0.012
22.01.2024 08:31:30.441 GMT-0600,192.623,192.577,0.012,0.012
22.01.2024 08:31:30.491 GMT-0600,192.623,192.597,0.012,0.012
22.01.2024 08:31:30.843 GMT-0600,192.63400000000001,192.596,0.012,0.012
22.01.2024 08:31:30.893 GMT-0600,192.62400000000002,192.596,0.012,0.012
22.01.2024 08:31:31.144 GMT-0600,192.603,192.567,0.012,0.012
22.01.2024 08:31:31.244 GMT-0600,192.603,192.55700000000002,0.012,0.012
22.01.2024 08:31:31.345 GMT-0600,192.603,192.577,0.012,0.012
22.01.2024 08:31:31.395 GMT-0600,192.603,192.55700000000002,0.012,0.012
22.01.2024 08:31:31.847 GMT-0600,192.61400000000003,192.576,0.012,0.012
22.01.2024 08:31:31.997 GMT-0600,192.613,192.58700000000002,0.012,0.012
22.01.2024 08:31:32.198 GMT-0600,192.63400000000001,192.58599999999998,0.012,0.012
22.01.2024 08:31:32.349 GMT-0600,192.63400000000001,192.596,0.012,0.012
22.01.2024 08:31:32.499 GMT-0600,192.613,192.58700000000002,0.012,0.012
22.01.2024 08:31:32.550 GMT-0600,192.62400000000002,192.58599999999998,0.012,0.012
22.01.2024 08:31:32.700 GMT-0600,192.62400000000002,192.606,0.012,0.012
22.01.2024 08:31:33.403 GMT-0600,192.63400000000001,192.606,0.012,0.012
22.01.2024 08:31:33.711 GMT-0600,192.63400000000001,192.596,0.012,0.012
22.01.2024 08:31:33.812 GMT-0600,192.62400000000002,192.596,0.012,0.012
22.01.2024 08:31:33.963 GMT-0600,192.62400000000002,192.576,0.012,0.012
22.01.2024 08:31:34.013 GMT-0600,192.61400000000003,192.576,0.012,0.012
22.01.2024 08:31:34.114 GMT-0600,192.604,192.576,0.012,0.012
22.01.2024 08:31:34.215 GMT-0600,192.603,192.58700000000002,0.012,0.012
22.01.2024 08:31:34.265 GMT-0600,192.61400000000003,192.58599999999998,0.012,0.012
22.01.2024 08:31:34.366 GMT-0600,192.623,192.597,0.012,0.012
22.01.2024 08:31:34.617 GMT-0600,192.62400000000002,192.606,0.012,0.012
22.01.2024 08:31:34.917 GMT-0600,192.62400000000002,192.596,0.012,0.012
22.01.2024 08:31:34.967 GMT-0600,192.62400000000002,192.606,0.012,0.012
22.01.2024 08:31:35.118 GMT-0600,192.633,192.607,0.012,0.012
22.01.2024 08:31:35.168 GMT-0600,192.62400000000002,192.596,0.012,0.012
22.01.2024 08:31:35.671 GMT-0600,192.63400000000001,192.61599999999999,0.012,0.012
22.01.2024 08:31:35.722 GMT-0600,192.633,192.607,0.012,0.012
22.01.2024 08:31:36.123 GMT-0600,192.63400000000001,192.61599999999999,0.012,0.012
22.01.2024 08:31:36.223 GMT-0600,192.644,192.61599999999999,0.012,0.012
22.01.2024 08:31:36.474 GMT-0600,192.643,192.627,0.012,0.012
22.01.2024 08:31:36.624 GMT-0600,192.663,192.627,0.012,0.012
22.01.2024 08:31:36.725 GMT-0600,192.644,192.62599999999998,0.012,0.012
22.01.2024 08:31:36.775 GMT-0600,192.65400000000002,192.62599999999998,0.012,0.012
22.01.2024 08:31:37.176 GMT-0600,192.644,192.62599999999998,0.012,0.012
22.01.2024 08:31:37.278 GMT-0600,192.643,192.61700000000002,0.012,0.012
22.01.2024 08:31:37.480 GMT-0600,192.644,192.62599999999998,0.012,0.012
22.01.2024 08:31:38.181 GMT-0600,192.644,192.61599999999999,0.012,0.012
22.01.2024 08:31:38.583 GMT-0600,192.644,192.606,0.012,0.012
22.01.2024 08:31:38.735 GMT-0600,192.643,192.61700000000002,0.012,0.012
22.01.2024 08:31:39.085 GMT-0600,192.644,192.62599999999998,0.012,0.012
22.01.2024 08:31:39.186 GMT-0600,192.643,192.61700000000002,0.012,0.012
22.01.2024 08:31:39.286 GMT-0600,192.644,192.606,0.012,0.012
22.01.2024 08:31:39.437 GMT-0600,192.643,192.61700000000002,0.012,0.012
22.01.2024 08:31:39.538 GMT-0600,192.633,192.607,0.012,0.012
22.01.2024 08:31:39.688 GMT-0600,192.643,192.607,0.012,0.012
22.01.2024 08:31:39.738 GMT-0600,192.63400000000001,192.606,0.012,0.012
22.01.2024 08:31:39.839 GMT-0600,192.643,192.61700000000002,0.012,0.012
22.01.2024 08:31:40.090 GMT-0600,192.644,192.62599999999998,0.012,0.012
22.01.2024 08:31:40.140 GMT-0600,192.643,192.61700000000002,0.012,0.012
22.01.2024 08:31:40.642 GMT-0600,192.643,192.627,0.012,0.012
22.01.2024 08:31:40.693 GMT-0600,192.643,192.61700000000002,0.012,0.012
22.01.2024 08:31:40.793 GMT-0600,192.65400000000002,192.62599999999998,0.012,0.012
22.01.2024 08:31:40.894 GMT-0600,192.653,192.61700000000002,0.012,0.012
22.01.2024 08:31:40.944 GMT-0600,192.653,192.627,0.012,0.012
22.01.2024 08:31:41.185 GMT-0600,192.673,192.637,0.012,0.012
22.01.2024 08:31:41.236 GMT-0600,192.663,192.637,0.012,0.012
22.01.2024 08:31:41.336 GMT-0600,192.66400000000002,192.62599999999998,0.012,0.012
22.01.2024 08:31:41.437 GMT-0600,192.66400000000002,192.646,0.012,0.012
22.01.2024 08:31:41.488 GMT-0600,192.673,192.64700000000002,0.012,0.012
22.01.2024 08:31:41.588 GMT-0600,192.68400000000003,192.646,0.012,0.012
22.01.2024 08:31:41.639 GMT-0600,192.703,192.667,0.012,0.012
22.01.2024 08:31:41.740 GMT-0600,192.704,192.676,0.012,0.012
22.01.2024 08:31:41.944 GMT-0600,192.704,192.666,0.012,0.012
22.01.2024 08:31:42.195 GMT-0600,192.713,192.67700000000002,0.012,0.012
22.01.2024 08:31:42.396 GMT-0600,192.71400000000003,192.68599999999998,0.012,0.012
22.01.2024 08:31:42.496 GMT-0600,192.72299999999998,192.687,0.012,0.012
22.01.2024 08:31:42.948 GMT-0600,192.734,192.71599999999998,0.012,0.012
22.01.2024 08:31:42.998 GMT-0600,192.74400000000003,192.71599999999998,0.012,0.012
22.01.2024 08:31:43.099 GMT-0600,192.763,192.727,0.012,0.012
22.01.2024 08:31:43.149 GMT-0600,192.75400000000002,192.726,0.012,0.012
22.01.2024 08:31:43.250 GMT-0600,192.75400000000002,192.736,0.012,0.012
22.01.2024 08:31:43.300 GMT-0600,192.753,192.727,0.012,0.012
22.01.2024 08:31:43.350 GMT-0600,192.753,192.73700000000002,0.012,0.012
22.01.2024 08:31:43.401 GMT-0600,192.75400000000002,192.726,0.012,0.012
22.01.2024 08:31:44.303 GMT-0600,192.743,192.717,0.012,0.012
22.01.2024 08:31:44.404 GMT-0600,192.753,192.717,0.012,0.012
22.01.2024 08:31:44.604 GMT-0600,192.753,192.727,0.012,0.012
22.01.2024 08:31:45.055 GMT-0600,192.75400000000002,192.736,0.012,0.012
22.01.2024 08:31:45.105 GMT-0600,192.753,192.727,0.012,0.012
22.01.2024 08:31:45.356 GMT-0600,192.743,192.727,0.012,0.012
22.01.2024 08:31:45.607 GMT-0600,192.75400000000002,192.736,0.012,0.012
22.01.2024 08:31:45.658 GMT-0600,192.753,192.727,0.012,0.012
22.01.2024 08:31:45.808 GMT-0600,192.763,192.727,0.012,0.012
22.01.2024 08:31:45.959 GMT-0600,192.764,192.736,0.012,0.012
22.01.2024 08:31:46.110 GMT-0600,192.753,192.727,0.012,0.012
22.01.2024 08:31:46.260 GMT-0600,192.733,192.717,0.012,0.012
22.01.2024 08:31:47.012 GMT-0600,192.753,192.727,0.012,0.012
22.01.2024 08:31:47.063 GMT-0600,192.764,192.726,0.012,0.012
22.01.2024 08:31:47.113 GMT-0600,192.75400000000002,192.726,0.012,0.012
22.01.2024 08:31:47.264 GMT-0600,192.773,192.757,0.012,0.012
22.01.2024 08:31:47.315 GMT-0600,192.77400000000003,192.736,0.012,0.012
22.01.2024 08:31:47.373 GMT-0600,192.783,192.73700000000002,0.012,0.012
22.01.2024 08:31:47.423 GMT-0600,192.773,192.73700000000002,0.012,0.012
22.01.2024 08:31:47.524 GMT-0600,192.783,192.757,0.012,0.012
22.01.2024 08:31:47.574 GMT-0600,192.823,192.787,0.012,0.012
22.01.2024 08:31:47.825 GMT-0600,192.813,192.787,0.012,0.012
22.01.2024 08:31:47.876 GMT-0600,192.843,192.79700000000003,0.012,0.012
22.01.2024 08:31:47.926 GMT-0600,192.824,192.786,0.012,0.012
22.01.2024 08:31:48.077 GMT-0600,192.83400000000003,192.796,0.012,0.012
22.01.2024 08:31:48.178 GMT-0600,192.84400000000002,192.80599999999998,0.012,0.012
22.01.2024 08:31:48.328 GMT-0600,192.863,192.827,0.012,0.012
22.01.2024 08:31:48.429 GMT-0600,192.84400000000002,192.80599999999998,0.012,0.012
22.01.2024 08:31:48.580 GMT-0600,192.84400000000002,192.796,0.012,0.012
22.01.2024 08:31:48.630 GMT-0600,192.843,192.80700000000002,0.012,0.012
22.01.2024 08:31:48.781 GMT-0600,192.853,192.817,0.012,0.012
22.01.2024 08:31:48.881 GMT-0600,192.843,192.79700000000003,0.012,0.012
22.01.2024 08:31:49.082 GMT-0600,192.824,192.796,0.012,0.012
22.01.2024 08:31:49.232 GMT-0600,192.83400000000003,192.816,0.012,0.012
22.01.2024 08:31:49.283 GMT-0600,192.83400000000003,192.80599999999998,0.012,0.012
22.01.2024 08:31:49.383 GMT-0600,192.83400000000003,192.796,0.012,0.012
22.01.2024 08:31:49.534 GMT-0600,192.823,192.77700000000002,0.012,0.012
22.01.2024 08:31:50.336 GMT-0600,192.833,192.77700000000002,0.012,0.012
22.01.2024 08:31:50.536 GMT-0600,192.843,192.77700000000002,0.012,0.012
22.01.2024 08:31:50.587 GMT-0600,192.83400000000003,192.77599999999998,0.012,0.012
22.01.2024 08:31:50.737 GMT-0600,192.843,192.77700000000002,0.012,0.012
22.01.2024 08:31:50.938 GMT-0600,192.824,192.77599999999998,0.012,0.012
22.01.2024 08:31:51.439 GMT-0600,192.824,192.80599999999998,0.012,0.012
22.01.2024 08:31:51.490 GMT-0600,192.813,192.787,0.012,0.012
22.01.2024 08:31:51.590 GMT-0600,192.813,192.77700000000002,0.012,0.012
22.01.2024 08:31:51.791 GMT-0600,192.823,192.787,0.012,0.012
22.01.2024 08:31:51.992 GMT-0600,192.823,192.77700000000002,0.012,0.012
22.01.2024 08:31:52.293 GMT-0600,192.81400000000002,192.756,0.012,0.012
22.01.2024 08:31:52.374 GMT-0600,192.824,192.786,0.012,0.012
22.01.2024 08:31:52.478 GMT-0600,192.823,192.77700000000002,0.012,0.012
22.01.2024 08:31:52.529 GMT-0600,192.81400000000002,192.77599999999998,0.012,0.012
22.01.2024 08:31:52.630 GMT-0600,192.823,192.787,0.012,0.012
22.01.2024 08:31:52.689 GMT-0600,192.824,192.77599999999998,0.012,0.012
22.01.2024 08:31:52.791 GMT-0600,192.813,192.757,0.012,0.012
22.01.2024 08:31:52.842 GMT-0600,192.81400000000002,192.77599999999998,0.012,0.012
22.01.2024 08:31:52.892 GMT-0600,192.80400000000003,192.756,0.012,0.012
22.01.2024 08:31:52.993 GMT-0600,192.794,192.756,0.012,0.012
22.01.2024 08:31:53.244 GMT-0600,192.803,192.757,0.012,0.012
22.01.2024 08:31:53.294 GMT-0600,192.803,192.76700000000002,0.012,0.012
22.01.2024 08:31:53.545 GMT-0600,192.793,192.76700000000002,0.012,0.012
22.01.2024 08:31:53.646 GMT-0600,192.793,192.757,0.012,0.012
22.01.2024 08:31:53.797 GMT-0600,192.78400000000002,192.756,0.012,0.012
22.01.2024 08:31:53.847 GMT-0600,192.794,192.756,0.012,0.012
22.01.2024 08:31:54.148 GMT-0600,192.783,192.747,0.012,0.012
22.01.2024 08:31:54.299 GMT-0600,192.794,192.766,0.012,0.012
22.01.2024 08:31:54.450 GMT-0600,192.794,192.756,0.012,0.012
22.01.2024 08:31:54.600 GMT-0600,192.783,192.757,0.012,0.012
22.01.2024 08:31:54.701 GMT-0600,192.77400000000003,192.74599999999998,0.012,0.012
22.01.2024 08:31:54.851 GMT-0600,192.794,192.756,0.012,0.012
22.01.2024 08:31:55.052 GMT-0600,192.794,192.766,0.012,0.012
22.01.2024 08:31:55.554 GMT-0600,192.78400000000002,192.756,0.012,0.012
22.01.2024 08:31:55.605 GMT-0600,192.793,192.757,0.012,0.012
22.01.2024 08:31:55.755 GMT-0600,192.803,192.76700000000002,0.012,0.012
22.01.2024 08:31:55.906 GMT-0600,192.794,192.766,0.012,0.012
22.01.2024 08:31:56.207 GMT-0600,192.794,192.756,0.012,0.012
22.01.2024 08:31:56.558 GMT-0600,192.793,192.76700000000002,0.012,0.012
22.01.2024 08:31:56.709 GMT-0600,192.793,192.757,0.012,0.012
22.01.2024 08:31:56.759 GMT-0600,192.793,192.76700000000002,0.012,0.012
22.01.2024 08:31:56.960 GMT-0600,192.793,192.757,0.012,0.012
22.01.2024 08:31:57.160 GMT-0600,192.794,192.766,0.012,0.012
22.01.2024 08:31:57.261 GMT-0600,192.803,192.76700000000002,0.012,0.012
22.01.2024 08:31:57.311 GMT-0600,192.803,192.77700000000002,0.012,0.012
22.01.2024 08:31:57.762 GMT-0600,192.80400000000003,192.766,0.012,0.012
22.01.2024 08:31:58.764 GMT-0600,192.794,192.756,0.012,0.012
22.01.2024 08:31:58.864 GMT-0600,192.803,192.757,0.012,0.012
22.01.2024 08:31:59.015 GMT-0600,192.793,192.757,0.012,0.012
22.01.2024 08:31:59.166 GMT-0600,192.794,192.766,0.012,0.012
22.01.2024 08:31:59.216 GMT-0600,192.793,192.757,0.012,0.012
22.01.2024 08:31:59.266 GMT-0600,192.80400000000003,192.77599999999998,0.012,0.012
22.01.2024 08:31:59.317 GMT-0600,192.83400000000003,192.80599999999998,0.012,0.012
22.01.2024 08:31:59.417 GMT-0600,192.833,192.79700000000003,0.012,0.012
22.01.2024 08:31:59.618 GMT-0600,192.833,192.787,0.012,0.012
22.01.2024 08:31:59.669 GMT-0600,192.824,192.786,0.012,0.012
22.01.2024 08:32:00.120 GMT-0600,192.803,192.76700000000002,0.012,0.012
22.01.2024 08:32:00.321 GMT-0600,192.80400000000003,192.77599999999998,0.012,0.012
22.01.2024 08:32:00.371 GMT-0600,192.803,192.76700000000002,0.012,0.012
22.01.2024 08:32:00.472 GMT-0600,192.813,192.77700000000002,0.012,0.012
22.01.2024 08:32:00.623 GMT-0600,192.813,192.787,0.012,0.012
22.01.2024 08:32:00.823 GMT-0600,192.83400000000003,192.796,0.012,0.012
22.01.2024 08:32:01.024 GMT-0600,192.83400000000003,192.80599999999998,0.012,0.012
22.01.2024 08:32:01.074 GMT-0600,192.86400000000003,192.83599999999998,0.012,0.012
22.01.2024 08:32:01.175 GMT-0600,192.873,192.857,0.012,0.012
22.01.2024 08:32:01.326 GMT-0600,192.90400000000002,192.856,0.012,0.012
22.01.2024 08:32:01.377 GMT-0600,192.90400000000002,192.87599999999998,0.012,0.012
22.01.2024 08:32:01.427 GMT-0600,192.90400000000002,192.86599999999999,0.012,0.012
22.01.2024 08:32:01.477 GMT-0600,192.893,192.877,0.012,0.012
22.01.2024 08:32:01.528 GMT-0600,192.894,192.86599999999999,0.012,0.012
22.01.2024 08:32:01.629 GMT-0600,192.894,192.87599999999998,0.012,0.012
22.01.2024 08:32:01.779 GMT-0600,192.894,192.86599999999999,0.012,0.012
22.01.2024 08:32:02.081 GMT-0600,192.894,192.87599999999998,0.012,0.012
22.01.2024 08:32:02.182 GMT-0600,192.90400000000002,192.886,0.012,0.012
22.01.2024 08:32:02.332 GMT-0600,192.91400000000002,192.896,0.012,0.012
22.01.2024 08:32:02.383 GMT-0600,192.933,192.907,0.012,0.012
22.01.2024 08:32:02.483 GMT-0600,192.93400000000003,192.896,0.012,0.012
22.01.2024 08:32:02.634 GMT-0600,192.933,192.907,0.012,0.012
22.01.2024 08:32:02.785 GMT-0600,192.94299999999998,192.907,0.012,0.012
22.01.2024 08:32:02.935 GMT-0600,192.94400000000002,192.896,0.012,0.012
22.01.2024 08:32:02.986 GMT-0600,192.94400000000002,192.90599999999998,0.012,0.012
22.01.2024 08:32:03.186 GMT-0600,192.93400000000003,192.90599999999998,0.012,0.012
22.01.2024 08:32:03.287 GMT-0600,192.94299999999998,192.907,0.012,0.012
22.01.2024 08:32:03.337 GMT-0600,192.933,192.917,0.012,0.012
22.01.2024 08:32:03.438 GMT-0600,192.94299999999998,192.907,0.012,0.012
22.01.2024 08:32:03.488 GMT-0600,192.94400000000002,192.916,0.012,0.012
22.01.2024 08:32:03.589 GMT-0600,192.933,192.907,0.012,0.012
22.01.2024 08:32:04.041 GMT-0600,192.94299999999998,192.907,0.012,0.012
22.01.2024 08:32:04.392 GMT-0600,192.954,192.926,0.012,0.012
22.01.2024 08:32:04.643 GMT-0600,192.96400000000003,192.946,0.012,0.012
22.01.2024 08:32:04.744 GMT-0600,192.96400000000003,192.93599999999998,0.012,0.012
22.01.2024 08:32:05.095 GMT-0600,192.97400000000002,192.946,0.012,0.012
22.01.2024 08:32:05.146 GMT-0600,192.983,192.947,0.012,0.012
22.01.2024 08:32:05.246 GMT-0600,192.983,192.95700000000002,0.012,0.012
22.01.2024 08:32:05.347 GMT-0600,192.97400000000002,192.956,0.012,0.012
22.01.2024 08:32:05.447 GMT-0600,192.983,192.95700000000002,0.012,0.012
22.01.2024 08:32:05.649 GMT-0600,192.963,192.937,0.012,0.012
22.01.2024 08:32:05.799 GMT-0600,192.97400000000002,192.946,0.012,0.012
22.01.2024 08:32:05.850 GMT-0600,192.983,192.947,0.012,0.012
22.01.2024 08:32:06.000 GMT-0600,192.993,192.947,0.012,0.012
22.01.2024 08:32:06.100 GMT-0600,192.99400000000003,192.956,0.012,0.012
22.01.2024 08:32:06.169 GMT-0600,192.993,192.947,0.012,0.012
22.01.2024 08:32:06.271 GMT-0600,192.984,192.946,0.012,0.012
22.01.2024 08:32:06.476 GMT-0600,192.993,192.967,0.012,0.012
22.01.2024 08:32:06.677 GMT-0600,192.984,192.946,0.012,0.012
22.01.2024 08:32:07.030 GMT-0600,192.99400000000003,192.946,0.012,0.012
22.01.2024 08:32:07.131 GMT-0600,192.993,192.967,0.012,0.012
22.01.2024 08:32:07.282 GMT-0600,193.003,192.977,0.012,0.012
22.01.2024 08:32:07.482 GMT-0600,193.043,193.01700000000002,0.012,0.012
22.01.2024 08:32:07.584 GMT-0600,193.053,193.01700000000002,0.012,0.012
22.01.2024 08:32:07.634 GMT-0600,193.043,193.01700000000002,0.012,0.012
22.01.2024 08:32:07.684 GMT-0600,193.043,193.007,0.012,0.012
22.01.2024 08:32:07.735 GMT-0600,193.044,193.016,0.012,0.012
22.01.2024 08:32:07.785 GMT-0600,193.044,193.006,0.012,0.012
22.01.2024 08:32:07.836 GMT-0600,192.99400000000003,192.96599999999998,0.012,0.012
22.01.2024 08:32:07.887 GMT-0600,193.014,192.956,0.012,0.012
22.01.2024 08:32:07.937 GMT-0600,192.993,192.967,0.012,0.012
22.01.2024 08:32:07.987 GMT-0600,193.00400000000002,192.96599999999998,0.012,0.012
22.01.2024 08:32:08.088 GMT-0600,193.023,192.967,0.012,0.012
22.01.2024 08:32:08.189 GMT-0600,193.014,192.976,0.012,0.012
22.01.2024 08:32:08.239 GMT-0600,193.023,192.977,0.012,0.012
22.01.2024 08:32:08.390 GMT-0600,193.00400000000002,192.96599999999998,0.012,0.012
22.01.2024 08:32:08.590 GMT-0600,192.993,192.967,0.012,0.012
22.01.2024 08:32:08.641 GMT-0600,193.003,192.967,0.012,0.012
22.01.2024 08:32:09.293 GMT-0600,193.003,192.95700000000002,0.012,0.012
22.01.2024 08:32:09.443 GMT-0600,192.993,192.95700000000002,0.012,0.012
22.01.2024 08:32:09.644 GMT-0600,193.00400000000002,192.956,0.012,0.012
22.01.2024 08:32:10.045 GMT-0600,192.99400000000003,192.956,0.012,0.012
22.01.2024 08:32:10.145 GMT-0600,193.00400000000002,192.956,0.012,0.012
22.01.2024 08:32:10.647 GMT-0600,192.993,192.95700000000002,0.012,0.012
22.01.2024 08:32:10.797 GMT-0600,192.97400000000002,192.93599999999998,0.012,0.012
22.01.2024 08:32:10.898 GMT-0600,192.963,192.92700000000002,0.012,0.012
22.01.2024 08:32:10.948 GMT-0600,192.983,192.937,0.012,0.012
22.01.2024 08:32:11.099 GMT-0600,193.00400000000002,192.956,0.012,0.012
22.01.2024 08:32:11.199 GMT-0600,193.014,192.956,0.012,0.012
22.01.2024 08:32:11.249 GMT-0600,193.00400000000002,192.956,0.012,0.012
22.01.2024 08:32:11.501 GMT-0600,192.984,192.956,0.012,0.012
22.01.2024 08:32:11.551 GMT-0600,192.983,192.937,0.012,0.012
22.01.2024 08:32:11.752 GMT-0600,192.97400000000002,192.93599999999998,0.012,0.012
22.01.2024 08:32:11.802 GMT-0600,192.983,192.937,0.012,0.012
22.01.2024 08:32:12.054 GMT-0600,193.00400000000002,192.93599999999998,0.012,0.012
22.01.2024 08:32:12.105 GMT-0600,192.983,192.937,0.012,0.012
22.01.2024 08:32:12.406 GMT-0600,192.984,192.946,0.012,0.012
22.01.2024 08:32:12.456 GMT-0600,193.003,192.95700000000002,0.012,0.012
22.01.2024 08:32:12.507 GMT-0600,192.99400000000003,192.956,0.012,0.012
22.01.2024 08:32:12.858 GMT-0600,193.00400000000002,192.956,0.012,0.012
22.01.2024 08:32:12.959 GMT-0600,193.013,192.95700000000002,0.012,0.012
22.01.2024 08:32:13.109 GMT-0600,193.00400000000002,192.956,0.012,0.012
22.01.2024 08:32:13.160 GMT-0600,193.014,192.956,0.012,0.012
22.01.2024 08:32:13.310 GMT-0600,193.003,192.95700000000002,0.012,0.012
22.01.2024 08:32:13.461 GMT-0600,192.993,192.95700000000002,0.012,0.012
22.01.2024 08:32:13.812 GMT-0600,193.00400000000002,192.976,0.012,0.012
22.01.2024 08:32:13.912 GMT-0600,193.014,192.976,0.012,0.012
22.01.2024 08:32:14.013 GMT-0600,193.00400000000002,192.96599999999998,0.012,0.012
22.01.2024 08:32:14.163 GMT-0600,193.014,192.976,0.012,0.012
22.01.2024 08:32:14.214 GMT-0600,193.023,192.977,0.012,0.012
22.01.2024 08:32:14.364 GMT-0600,193.05400000000003,193.016,0.012,0.012
22.01.2024 08:32:14.515 GMT-0600,193.023,192.977,0.012,0.012
22.01.2024 08:32:14.665 GMT-0600,193.033,192.997,0.012,0.012
22.01.2024 08:32:14.716 GMT-0600,193.033,192.977,0.012,0.012
22.01.2024 08:32:14.867 GMT-0600,193.044,192.976,0.012,0.012
22.01.2024 08:32:15.068 GMT-0600,193.043,193.007,0.012,0.012
22.01.2024 08:32:15.219 GMT-0600,193.05400000000003,193.006,0.012,0.012
22.01.2024 08:32:15.269 GMT-0600,193.014,192.976,0.012,0.012
22.01.2024 08:32:15.370 GMT-0600,193.023,192.977,0.012,0.012
22.01.2024 08:32:15.670 GMT-0600,193.013,192.977,0.012,0.012
22.01.2024 08:32:15.721 GMT-0600,193.02400000000003,192.976,0.012,0.012
22.01.2024 08:32:15.872 GMT-0600,193.013,192.977,0.012,0.012
22.01.2024 08:32:15.922 GMT-0600,193.02400000000003,192.976,0.012,0.012
22.01.2024 08:32:16.374 GMT-0600,193.03400000000002,192.976,0.012,0.012
22.01.2024 08:32:16.575 GMT-0600,193.033,193.007,0.012,0.012
22.01.2024 08:32:16.826 GMT-0600,193.02400000000003,192.986,0.012,0.012
22.01.2024 08:32:16.876 GMT-0600,193.013,192.977,0.012,0.012
22.01.2024 08:32:17.027 GMT-0600,193.003,192.977,0.012,0.012
22.01.2024 08:32:17.077 GMT-0600,193.02400000000003,192.986,0.012,0.012
22.01.2024 08:32:17.128 GMT-0600,193.013,192.98700000000002,0.012,0.012
22.01.2024 08:32:17.228 GMT-0600,193.03400000000002,192.986,0.012,0.012
22.01.2024 08:32:17.379 GMT-0600,193.033,193.007,0.012,0.012
22.01.2024 08:32:17.430 GMT-0600,193.05400000000003,192.99599999999998,0.012,0.012
22.01.2024 08:32:17.480 GMT-0600,193.06400000000002,193.016,0.012,0.012
22.01.2024 08:32:17.581 GMT-0600,193.06400000000002,193.036,0.012,0.012
22.01.2024 08:32:17.734 GMT-0600,193.044,192.99599999999998,0.012,0.012
22.01.2024 08:32:17.835 GMT-0600,193.05400000000003,192.99599999999998,0.012,0.012
22.01.2024 08:32:18.035 GMT-0600,193.044,192.99599999999998,0.012,0.012
22.01.2024 08:32:18.136 GMT-0600,193.033,192.997,0.012,0.012
22.01.2024 08:32:18.337 GMT-0600,193.023,192.98700000000002,0.012,0.012
22.01.2024 08:32:18.487 GMT-0600,193.03400000000002,192.986,0.012,0.012
22.01.2024 08:32:18.588 GMT-0600,193.043,193.01700000000002,0.012,0.012
22.01.2024 08:32:18.638 GMT-0600,193.02400000000003,192.986,0.012,0.012
22.01.2024 08:32:19.062 GMT-0600,193.03400000000002,192.99599999999998,0.012,0.012
22.01.2024 08:32:19.163 GMT-0600,193.043,192.997,0.012,0.012
22.01.2024 08:32:19.366 GMT-0600,193.033,192.997,0.012,0.012
22.01.2024 08:32:19.416 GMT-0600,193.043,192.997,0.012,0.012
22.01.2024 08:32:19.717 GMT-0600,193.08400000000003,193.02599999999998,0.012,0.012
22.01.2024 08:32:19.818 GMT-0600,193.08400000000003,193.036,0.012,0.012
22.01.2024 08:32:19.919 GMT-0600,193.044,192.99599999999998,0.012,0.012
22.01.2024 08:32:20.069 GMT-0600,193.053,193.01700000000002,0.012,0.012
22.01.2024 08:32:20.120 GMT-0600,193.083,193.037,0.012,0.012
22.01.2024 08:32:20.271 GMT-0600,193.104,193.016,0.012,0.012
22.01.2024 08:32:20.371 GMT-0600,193.08400000000003,193.016,0.012,0.012
22.01.2024 08:32:20.422 GMT-0600,193.093,193.01700000000002,0.012,0.012
22.01.2024 08:32:20.473 GMT-0600,193.083,193.01700000000002,0.012,0.012
22.01.2024 08:32:20.573 GMT-0600,193.104,193.016,0.012,0.012
22.01.2024 08:32:20.623 GMT-0600,193.093,193.01700000000002,0.012,0.012
22.01.2024 08:32:20.974 GMT-0600,193.103,193.01700000000002,0.012,0.012
22.01.2024 08:32:21.024 GMT-0600,193.093,193.01700000000002,0.012,0.012
22.01.2024 08:32:21.075 GMT-0600,193.103,193.01700000000002,0.012,0.012
22.01.2024 08:32:21.175 GMT-0600,193.09400000000002,193.016,0.012,0.012
22.01.2024 08:32:21.626 GMT-0600,193.06400000000002,193.016,0.012,0.012
22.01.2024 08:32:21.778 GMT-0600,193.074,193.036,0.012,0.012
22.01.2024 08:32:21.930 GMT-0600,193.12400000000002,193.076,0.012,0.012
22.01.2024 08:32:22.030 GMT-0600,193.11400000000003,193.076,0.012,0.012
22.01.2024 08:32:22.181 GMT-0600,193.103,193.067,0.012,0.012
22.01.2024 08:32:22.282 GMT-0600,193.144,193.11599999999999,0.012,0.012
22.01.2024 08:32:22.332 GMT-0600,193.16400000000002,193.096,0.012,0.012
22.01.2024 08:32:22.533 GMT-0600,193.144,193.106,0.012,0.012
22.01.2024 08:32:22.583 GMT-0600,193.144,193.096,0.012,0.012
22.01.2024 08:32:22.684 GMT-0600,193.144,193.106,0.012,0.012
22.01.2024 08:32:22.734 GMT-0600,193.143,193.097,0.012,0.012
22.01.2024 08:32:22.784 GMT-0600,193.13400000000001,193.096,0.012,0.012
22.01.2024 08:32:22.885 GMT-0600,193.144,193.096,0.012,0.012
22.01.2024 08:32:22.935 GMT-0600,193.143,193.107,0.012,0.012
22.01.2024 08:32:22.986 GMT-0600,193.144,193.096,0.012,0.012
22.01.2024 08:32:23.088 GMT-0600,193.15400000000002,193.096,0.012,0.012
22.01.2024 08:32:23.138 GMT-0600,193.16400000000002,193.106,0.012,0.012
22.01.2024 08:32:23.389 GMT-0600,193.144,193.106,0.012,0.012
22.01.2024 08:32:23.840 GMT-0600,193.133,193.08700000000002,0.012,0.012
22.01.2024 08:32:23.890 GMT-0600,193.133,193.097,0.012,0.012
22.01.2024 08:32:23.991 GMT-0600,193.12400000000002,193.08599999999998,0.012,0.012
22.01.2024 08:32:24.093 GMT-0600,193.104,193.076,0.012,0.012
22.01.2024 08:32:24.144 GMT-0600,193.113,193.077,0.012,0.012
22.01.2024 08:32:24.546 GMT-0600,193.11400000000003,193.08599999999998,0.012,0.012
22.01.2024 08:32:24.596 GMT-0600,193.13400000000001,193.096,0.012,0.012
22.01.2024 08:32:24.646 GMT-0600,193.143,193.107,0.012,0.012
22.01.2024 08:32:24.747 GMT-0600,193.12400000000002,193.076,0.012,0.012
22.01.2024 08:32:24.847 GMT-0600,193.13400000000001,193.106,0.012,0.012
22.01.2024 08:32:24.898 GMT-0600,193.123,193.077,0.012,0.012
22.01.2024 08:32:24.948 GMT-0600,193.11400000000003,193.08599999999998,0.012,0.012
22.01.2024 08:32:25.149 GMT-0600,193.103,193.05700000000002,0.012,0.012
22.01.2024 08:32:25.300 GMT-0600,193.11400000000003,193.05599999999998,0.012,0.012
22.01.2024 08:32:25.451 GMT-0600,193.12400000000002,193.05599999999998,0.012,0.012
22.01.2024 08:32:25.501 GMT-0600,193.13400000000001,193.096,0.012,0.012
22.01.2024 08:32:25.552 GMT-0600,193.144,193.05599999999998,0.012,0.012
22.01.2024 08:32:25.602 GMT-0600,193.12400000000002,193.096,0.012,0.012
22.01.2024 08:32:25.652 GMT-0600,193.13400000000001,193.096,0.012,0.012
22.01.2024 08:32:25.703 GMT-0600,193.123,193.08700000000002,0.012,0.012
22.01.2024 08:32:25.753 GMT-0600,193.13400000000001,193.066,0.012,0.012
22.01.2024 08:32:25.803 GMT-0600,193.144,193.08599999999998,0.012,0.012
22.01.2024 08:32:25.904 GMT-0600,193.11400000000003,193.05599999999998,0.012,0.012
22.01.2024 08:32:25.954 GMT-0600,193.123,193.05700000000002,0.012,0.012
22.01.2024 08:32:26.355 GMT-0600,193.13400000000001,193.05599999999998,0.012,0.012
22.01.2024 08:32:26.406 GMT-0600,193.123,193.05700000000002,0.012,0.012
22.01.2024 08:32:26.858 GMT-0600,193.12400000000002,193.08599999999998,0.012,0.012
22.01.2024 08:32:26.908 GMT-0600,193.12400000000002,193.05599999999998,0.012,0.012
22.01.2024 08:32:26.959 GMT-0600,193.123,193.077,0.012,0.012
22.01.2024 08:32:27.310 GMT-0600,193.13400000000001,193.106,0.012,0.012
22.01.2024 08:32:27.360 GMT-0600,193.13400000000001,193.076,0.012,0.012
22.01.2024 08:32:27.461 GMT-0600,193.113,193.077,0.012,0.012
22.01.2024 08:32:27.561 GMT-0600,193.143,193.11700000000002,0.012,0.012
22.01.2024 08:32:27.662 GMT-0600,193.144,193.076,0.012,0.012
22.01.2024 08:32:27.863 GMT-0600,193.163,193.077,0.012,0.012
22.01.2024 08:32:27.913 GMT-0600,193.143,193.077,0.012,0.012
22.01.2024 08:32:28.014 GMT-0600,193.133,193.077,0.012,0.012
22.01.2024 08:32:28.114 GMT-0600,193.133,193.05700000000002,0.012,0.012
22.01.2024 08:32:28.265 GMT-0600,193.163,193.077,0.012,0.012
22.01.2024 08:32:28.716 GMT-0600,193.144,193.076,0.012,0.012
22.01.2024 08:32:28.967 GMT-0600,193.163,193.077,0.012,0.012
22.01.2024 08:32:29.117 GMT-0600,193.16400000000002,193.11599999999999,0.012,0.012
22.01.2024 08:32:29.318 GMT-0600,193.163,193.127,0.012,0.012
22.01.2024 08:32:29.419 GMT-0600,193.15400000000002,193.096,0.012,0.012
22.01.2024 08:32:29.469 GMT-0600,193.133,193.097,0.012,0.012
22.01.2024 08:32:29.520 GMT-0600,193.133,193.077,0.012,0.012
22.01.2024 08:32:29.670 GMT-0600,193.12400000000002,193.076,0.012,0.012
22.01.2024 08:32:29.721 GMT-0600,193.13400000000001,193.076,0.012,0.012
22.01.2024 08:32:30.022 GMT-0600,193.113,193.077,0.012,0.012
22.01.2024 08:32:30.073 GMT-0600,193.123,193.077,0.012,0.012
22.01.2024 08:32:30.224 GMT-0600,193.12400000000002,193.08599999999998,0.012,0.012
22.01.2024 08:32:30.375 GMT-0600,193.133,193.097,0.012,0.012
22.01.2024 08:32:30.576 GMT-0600,193.143,193.097,0.012,0.012
22.01.2024 08:32:30.776 GMT-0600,193.174,193.11599999999999,0.012,0.012
22.01.2024 08:32:30.877 GMT-0600,193.18400000000003,193.11599999999999,0.012,0.012
22.01.2024 08:32:31.228 GMT-0600,193.22299999999998,193.137,0.012,0.012
22.01.2024 08:32:31.278 GMT-0600,193.21400000000003,193.136,0.012,0.012
22.01.2024 08:32:31.379 GMT-0600,193.243,193.137,0.012,0.012
22.01.2024 08:32:31.680 GMT-0600,193.213,193.137,0.012,0.012
22.01.2024 08:32:31.881 GMT-0600,193.21400000000003,193.196,0.012,0.012
22.01.2024 08:32:31.981 GMT-0600,193.213,193.137,0.012,0.012
22.01.2024 08:32:32.232 GMT-0600,193.213,193.17700000000002,0.012,0.012
22.01.2024 08:32:32.282 GMT-0600,193.243,193.157,0.012,0.012
22.01.2024 08:32:32.333 GMT-0600,193.213,193.157,0.012,0.012
22.01.2024 08:32:32.483 GMT-0600,193.22299999999998,193.187,0.012,0.012
22.01.2024 08:32:32.961 GMT-0600,193.24400000000003,193.18599999999998,0.012,0.012
22.01.2024 08:32:33.064 GMT-0600,193.25400000000002,193.196,0.012,0.012
22.01.2024 08:32:33.165 GMT-0600,193.233,193.20700000000002,0.012,0.012
22.01.2024 08:32:33.217 GMT-0600,193.243,193.20700000000002,0.012,0.012
22.01.2024 08:32:33.417 GMT-0600,193.253,193.20700000000002,0.012,0.012
22.01.2024 08:32:33.467 GMT-0600,193.25400000000002,193.21599999999998,0.012,0.012
22.01.2024 08:32:33.568 GMT-0600,193.253,193.20700000000002,0.012,0.012
22.01.2024 08:32:33.668 GMT-0600,193.24400000000003,193.206,0.012,0.012
22.01.2024 08:32:34.170 GMT-0600,193.233,193.20700000000002,0.012,0.012
22.01.2024 08:32:34.220 GMT-0600,193.234,193.196,0.012,0.012
22.01.2024 08:32:34.270 GMT-0600,193.22400000000002,193.18599999999998,0.012,0.012
22.01.2024 08:32:34.371 GMT-0600,193.24400000000003,193.206,0.012,0.012
22.01.2024 08:32:34.521 GMT-0600,193.234,193.196,0.012,0.012
22.01.2024 08:32:34.973 GMT-0600,193.243,193.20700000000002,0.012,0.012
22.01.2024 08:32:35.174 GMT-0600,193.253,193.217,0.012,0.012
22.01.2024 08:32:35.324 GMT-0600,193.253,193.227,0.012,0.012
22.01.2024 08:32:35.475 GMT-0600,193.25400000000002,193.21599999999998,0.012,0.012
22.01.2024 08:32:35.775 GMT-0600,193.263,193.227,0.012,0.012
22.01.2024 08:32:36.276 GMT-0600,193.303,193.27700000000002,0.012,0.012
22.01.2024 08:32:36.377 GMT-0600,193.303,193.26700000000002,0.012,0.012
22.01.2024 08:32:36.627 GMT-0600,193.36400000000003,193.286,0.012,0.012
22.01.2024 08:32:36.728 GMT-0600,193.353,193.287,0.012,0.012
22.01.2024 08:32:37.229 GMT-0600,193.343,193.27700000000002,0.012,0.012
22.01.2024 08:32:37.380 GMT-0600,193.34400000000002,193.30599999999998,0.012,0.012
22.01.2024 08:32:37.531 GMT-0600,193.353,193.317,0.012,0.012
22.01.2024 08:32:37.632 GMT-0600,193.354,193.30599999999998,0.012,0.012
22.01.2024 08:32:37.682 GMT-0600,193.33400000000003,193.296,0.012,0.012
22.01.2024 08:32:37.783 GMT-0600,193.333,193.287,0.012,0.012
22.01.2024 08:32:37.883 GMT-0600,193.354,193.296,0.012,0.012
22.01.2024 08:32:37.934 GMT-0600,193.354,193.326,0.012,0.012
22.01.2024 08:32:37.984 GMT-0600,193.363,193.327,0.012,0.012
22.01.2024 08:32:38.135 GMT-0600,193.363,193.317,0.012,0.012
22.01.2024 08:32:38.235 GMT-0600,193.37400000000002,193.316,0.012,0.012
22.01.2024 08:32:38.286 GMT-0600,193.354,193.30599999999998,0.012,0.012
22.01.2024 08:32:38.436 GMT-0600,193.34400000000002,193.316,0.012,0.012
22.01.2024 08:32:38.487 GMT-0600,193.354,193.316,0.012,0.012
22.01.2024 08:32:38.587 GMT-0600,193.34400000000002,193.316,0.012,0.012
22.01.2024 08:32:38.637 GMT-0600,193.34400000000002,193.296,0.012,0.012
22.01.2024 08:32:38.988 GMT-0600,193.353,193.317,0.012,0.012
22.01.2024 08:32:39.439 GMT-0600,193.353,193.327,0.012,0.012
22.01.2024 08:32:39.490 GMT-0600,193.354,193.316,0.012,0.012
22.01.2024 08:32:39.640 GMT-0600,193.354,193.326,0.012,0.012
22.01.2024 08:32:39.791 GMT-0600,193.354,193.316,0.012,0.012
22.01.2024 08:32:39.992 GMT-0600,193.354,193.326,0.012,0.012
22.01.2024 08:32:40.042 GMT-0600,193.354,193.316,0.012,0.012
22.01.2024 08:32:40.293 GMT-0600,193.36400000000003,193.326,0.012,0.012
22.01.2024 08:32:40.344 GMT-0600,193.363,193.317,0.012,0.012
22.01.2024 08:32:40.444 GMT-0600,193.373,193.347,0.012,0.012
22.01.2024 08:32:40.595 GMT-0600,193.38400000000001,193.33599999999998,0.012,0.012
22.01.2024 08:32:40.796 GMT-0600,193.363,193.317,0.012,0.012
22.01.2024 08:32:40.947 GMT-0600,193.38400000000001,193.316,0.012,0.012
22.01.2024 08:32:40.997 GMT-0600,193.36400000000003,193.316,0.012,0.012
22.01.2024 08:32:41.198 GMT-0600,193.383,193.347,0.012,0.012
22.01.2024 08:32:41.349 GMT-0600,193.373,193.347,0.012,0.012
22.01.2024 08:32:41.449 GMT-0600,193.37400000000002,193.33599999999998,0.012,0.012
22.01.2024 08:32:41.600 GMT-0600,193.353,193.317,0.012,0.012
22.01.2024 08:32:41.851 GMT-0600,193.33400000000003,193.296,0.012,0.012
22.01.2024 08:32:42.101 GMT-0600,193.354,193.316,0.012,0.012
22.01.2024 08:32:42.152 GMT-0600,193.353,193.30700000000002,0.012,0.012
22.01.2024 08:32:42.252 GMT-0600,193.354,193.296,0.012,0.012
22.01.2024 08:32:42.352 GMT-0600,193.313,193.287,0.012,0.012
22.01.2024 08:32:42.403 GMT-0600,193.31400000000002,193.266,0.012,0.012
22.01.2024 08:32:42.453 GMT-0600,193.31400000000002,193.27599999999998,0.012,0.012
22.01.2024 08:32:42.554 GMT-0600,193.313,193.26700000000002,0.012,0.012
22.01.2024 08:32:42.754 GMT-0600,193.303,193.26700000000002,0.012,0.012
22.01.2024 08:32:42.904 GMT-0600,193.313,193.27700000000002,0.012,0.012
22.01.2024 08:32:43.205 GMT-0600,193.31400000000002,193.266,0.012,0.012
22.01.2024 08:32:43.356 GMT-0600,193.313,193.27700000000002,0.012,0.012
22.01.2024 08:32:43.506 GMT-0600,193.303,193.27700000000002,0.012,0.012
22.01.2024 08:32:43.557 GMT-0600,193.294,193.236,0.012,0.012
22.01.2024 08:32:43.808 GMT-0600,193.283,193.23700000000002,0.012,0.012
22.01.2024 08:32:43.958 GMT-0600,193.264,193.226,0.012,0.012
22.01.2024 08:32:44.059 GMT-0600,193.273,193.23700000000002,0.012,0.012
22.01.2024 08:32:44.287 GMT-0600,193.283,193.247,0.012,0.012
22.01.2024 08:32:44.491 GMT-0600,193.253,193.23700000000002,0.012,0.012
22.01.2024 08:32:44.542 GMT-0600,193.264,193.226,0.012,0.012
22.01.2024 08:32:44.894 GMT-0600,193.264,193.236,0.012,0.012
22.01.2024 08:32:44.995 GMT-0600,193.263,193.227,0.012,0.012
22.01.2024 08:32:45.145 GMT-0600,193.27400000000003,193.24599999999998,0.012,0.012
22.01.2024 08:32:45.246 GMT-0600,193.263,193.23700000000002,0.012,0.012
22.01.2024 08:32:45.347 GMT-0600,193.263,193.227,0.012,0.012
22.01.2024 08:32:45.898 GMT-0600,193.25400000000002,193.21599999999998,0.012,0.012
22.01.2024 08:32:46.049 GMT-0600,193.273,193.23700000000002,0.012,0.012
22.01.2024 08:32:46.800 GMT-0600,193.264,193.236,0.012,0.012
22.01.2024 08:32:47.001 GMT-0600,193.27400000000003,193.24599999999998,0.012,0.012
22.01.2024 08:32:47.102 GMT-0600,193.27400000000003,193.236,0.012,0.012
22.01.2024 08:32:47.352 GMT-0600,193.273,193.247,0.012,0.012
22.01.2024 08:32:47.503 GMT-0600,193.27400000000003,193.236,0.012,0.012
22.01.2024 08:32:47.853 GMT-0600,193.25400000000002,193.21599999999998,0.012,0.012
22.01.2024 08:32:48.004 GMT-0600,193.25400000000002,193.226,0.012,0.012
22.01.2024 08:32:48.154 GMT-0600,193.263,193.227,0.012,0.012
22.01.2024 08:32:48.556 GMT-0600,193.27400000000003,193.226,0.012,0.012
22.01.2024 08:32:48.606 GMT-0600,193.273,193.23700000000002,0.012,0.012
22.01.2024 08:32:48.656 GMT-0600,193.273,193.227,0.012,0.012
22.01.2024 08:32:48.907 GMT-0600,193.264,193.226,0.012,0.012
22.01.2024 08:32:49.008 GMT-0600,193.25400000000002,193.21599999999998,0.012,0.012
22.01.2024 08:32:49.258 GMT-0600,193.233,193.20700000000002,0.012,0.012
22.01.2024 08:32:49.560 GMT-0600,193.233,193.197,0.012,0.012
22.01.2024 08:32:49.710 GMT-0600,193.243,193.197,0.012,0.012
22.01.2024 08:32:49.761 GMT-0600,193.243,193.20700000000002,0.012,0.012
22.01.2024 08:32:49.864 GMT-0600,193.253,193.20700000000002,0.012,0.012
22.01.2024 08:32:50.115 GMT-0600,193.264,193.226,0.012,0.012
22.01.2024 08:32:50.165 GMT-0600,193.273,193.227,0.012,0.012
22.01.2024 08:32:50.216 GMT-0600,193.263,193.227,0.012,0.012
22.01.2024 08:32:50.366 GMT-0600,193.25400000000002,193.206,0.012,0.012
22.01.2024 08:32:50.417 GMT-0600,193.233,193.217,0.012,0.012
22.01.2024 08:32:50.467 GMT-0600,193.253,193.227,0.012,0.012
22.01.2024 08:32:50.617 GMT-0600,193.243,193.20700000000002,0.012,0.012
22.01.2024 08:32:50.668 GMT-0600,193.264,193.226,0.012,0.012
22.01.2024 08:32:50.818 GMT-0600,193.253,193.20700000000002,0.012,0.012
22.01.2024 08:32:50.869 GMT-0600,193.27400000000003,193.226,0.012,0.012
22.01.2024 08:32:51.070 GMT-0600,193.263,193.227,0.012,0.012
22.01.2024 08:32:51.120 GMT-0600,193.264,193.21599999999998,0.012,0.012
22.01.2024 08:32:51.471 GMT-0600,193.25400000000002,193.226,0.012,0.012
22.01.2024 08:32:51.521 GMT-0600,193.253,193.20700000000002,0.012,0.012
22.01.2024 08:32:51.672 GMT-0600,193.233,193.20700000000002,0.012,0.012
22.01.2024 08:32:51.722 GMT-0600,193.243,193.20700000000002,0.012,0.012
22.01.2024 08:32:51.973 GMT-0600,193.25400000000002,193.226,0.012,0.012
22.01.2024 08:32:52.023 GMT-0600,193.263,193.227,0.012,0.012
22.01.2024 08:32:52.324 GMT-0600,193.253,193.227,0.012,0.012
22.01.2024 08:32:52.375 GMT-0600,193.24400000000003,193.206,0.012,0.012
22.01.2024 08:32:52.475 GMT-0600,193.234,193.196,0.012,0.012
22.01.2024 08:32:52.576 GMT-0600,193.21400000000003,193.18599999999998,0.012,0.012
22.01.2024 08:32:52.726 GMT-0600,193.22400000000002,193.18599999999998,0.012,0.012
22.01.2024 08:32:52.827 GMT-0600,193.213,193.187,0.012,0.012
22.01.2024 08:32:52.927 GMT-0600,193.204,193.166,0.012,0.012
22.01.2024 08:32:53.128 GMT-0600,193.19299999999998,193.167,0.012,0.012
22.01.2024 08:32:53.178 GMT-0600,193.19400000000002,193.15599999999998,0.012,0.012
22.01.2024 08:32:53.229 GMT-0600,193.19400000000002,193.166,0.012,0.012
22.01.2024 08:32:53.329 GMT-0600,193.204,193.166,0.012,0.012
22.01.2024 08:32:53.480 GMT-0600,193.203,193.157,0.012,0.012
22.01.2024 08:32:53.530 GMT-0600,193.19299999999998,193.167,0.012,0.012
22.01.2024 08:32:53.781 GMT-0600,193.204,193.166,0.012,0.012
22.01.2024 08:32:53.932 GMT-0600,193.213,193.167,0.012,0.012
22.01.2024 08:32:54.082 GMT-0600,193.213,193.17700000000002,0.012,0.012
22.01.2024 08:32:54.183 GMT-0600,193.203,193.167,0.012,0.012
22.01.2024 08:32:54.333 GMT-0600,193.19400000000002,193.166,0.012,0.012
22.01.2024 08:32:54.384 GMT-0600,193.174,193.136,0.012,0.012
22.01.2024 08:32:54.484 GMT-0600,193.19400000000002,193.15599999999998,0.012,0.012
22.01.2024 08:32:54.585 GMT-0600,193.18400000000003,193.15599999999998,0.012,0.012
22.01.2024 08:32:54.685 GMT-0600,193.19400000000002,193.15599999999998,0.012,0.012
22.01.2024 08:32:54.786 GMT-0600,193.183,193.157,0.012,0.012
22.01.2024 08:32:54.836 GMT-0600,193.18400000000003,193.146,0.012,0.012
22.01.2024 08:32:54.937 GMT-0600,193.183,193.157,0.012,0.012
22.01.2024 08:32:55.038 GMT-0600,193.19299999999998,193.167,0.012,0.012
22.01.2024 08:32:55.339 GMT-0600,193.19400000000002,193.15599999999998,0.012,0.012
22.01.2024 08:32:55.390 GMT-0600,193.204,193.15599999999998,0.012,0.012
22.01.2024 08:32:55.440 GMT-0600,193.21400000000003,193.176,0.012,0.012
22.01.2024 08:32:55.591 GMT-0600,193.204,193.176,0.012,0.012
22.01.2024 08:32:55.741 GMT-0600,193.234,193.18599999999998,0.012,0.012
22.01.2024 08:32:55.791 GMT-0600,193.25400000000002,193.206,0.012,0.012
22.01.2024 08:32:55.892 GMT-0600,193.243,193.20700000000002,0.012,0.012
22.01.2024 08:32:56.093 GMT-0600,193.263,193.227,0.012,0.012
22.01.2024 08:32:56.293 GMT-0600,193.253,193.227,0.012,0.012
22.01.2024 08:32:56.344 GMT-0600,193.264,193.226,0.012,0.012
22.01.2024 08:32:56.444 GMT-0600,193.253,193.217,0.012,0.012
22.01.2024 08:32:56.595 GMT-0600,193.22400000000002,193.18599999999998,0.012,0.012
22.01.2024 08:32:56.846 GMT-0600,193.243,193.20700000000002,0.012,0.012
22.01.2024 08:32:57.298 GMT-0600,193.253,193.20700000000002,0.012,0.012
22.01.2024 08:32:57.498 GMT-0600,193.24400000000003,193.206,0.012,0.012
22.01.2024 08:32:57.549 GMT-0600,193.253,193.20700000000002,0.012,0.012
22.01.2024 08:32:57.599 GMT-0600,193.233,193.197,0.012,0.012
22.01.2024 08:32:57.800 GMT-0600,193.234,193.206,0.012,0.012
22.01.2024 08:32:57.850 GMT-0600,193.24400000000003,193.206,0.012,0.012
22.01.2024 08:32:57.901 GMT-0600,193.24400000000003,193.21599999999998,0.012,0.012
22.01.2024 08:32:58.001 GMT-0600,193.243,193.20700000000002,0.012,0.012
22.01.2024 08:32:58.504 GMT-0600,193.243,193.217,0.012,0.012
22.01.2024 08:32:58.605 GMT-0600,193.234,193.206,0.012,0.012
22.01.2024 08:32:58.678 GMT-0600,193.24400000000003,193.206,0.012,0.012
22.01.2024 08:32:59.237 GMT-0600,193.243,193.217,0.012,0.012
22.01.2024 08:32:59.338 GMT-0600,193.243,193.20700000000002,0.012,0.012
22.01.2024 08:32:59.488 GMT-0600,193.243,193.217,0.012,0.012
22.01.2024 08:32:59.589 GMT-0600,193.273,193.217,0.012,0.012
22.01.2024 08:32:59.940 GMT-0600,193.27400000000003,193.236,0.012,0.012
22.01.2024 08:32:59.990 GMT-0600,193.273,193.217,0.012,0.012
22.01.2024 08:33:00.291 GMT-0600,193.27400000000003,193.236,0.012,0.012
22.01.2024 08:33:00.541 GMT-0600,193.30400000000003,193.256,0.012,0.012
22.01.2024 08:33:00.742 GMT-0600,193.313,193.257,0.012,0.012
22.01.2024 08:33:00.793 GMT-0600,193.33400000000003,193.27599999999998,0.012,0.012
22.01.2024 08:33:01.144 GMT-0600,193.333,193.30700000000002,0.012,0.012
22.01.2024 08:33:01.245 GMT-0600,193.354,193.326,0.012,0.012
22.01.2024 08:33:01.397 GMT-0600,193.34400000000002,193.316,0.012,0.012
22.01.2024 08:33:01.648 GMT-0600,193.324,193.30599999999998,0.012,0.012
22.01.2024 08:33:01.698 GMT-0600,193.343,193.30700000000002,0.012,0.012
22.01.2024 08:33:01.902 GMT-0600,193.324,193.296,0.012,0.012
22.01.2024 08:33:01.952 GMT-0600,193.34400000000002,193.30599999999998,0.012,0.012
22.01.2024 08:33:02.103 GMT-0600,193.34400000000002,193.296,0.012,0.012
22.01.2024 08:33:02.354 GMT-0600,193.323,193.29700000000003,0.012,0.012
22.01.2024 08:33:02.404 GMT-0600,193.33400000000003,193.296,0.012,0.012
22.01.2024 08:33:02.504 GMT-0600,193.34400000000002,193.296,0.012,0.012
22.01.2024 08:33:02.705 GMT-0600,193.34400000000002,193.316,0.012,0.012
22.01.2024 08:33:02.856 GMT-0600,193.354,193.316,0.012,0.012
22.01.2024 08:33:02.906 GMT-0600,193.354,193.326,0.012,0.012
22.01.2024 08:33:03.157 GMT-0600,193.373,193.327,0.012,0.012
22.01.2024 08:33:03.207 GMT-0600,193.36400000000003,193.326,0.012,0.012
22.01.2024 08:33:03.257 GMT-0600,193.37400000000002,193.326,0.012,0.012
22.01.2024 08:33:03.458 GMT-0600,193.373,193.33700000000002,0.012,0.012
22.01.2024 08:33:04.010 GMT-0600,193.363,193.33700000000002,0.012,0.012
22.01.2024 08:33:04.060 GMT-0600,193.373,193.33700000000002,0.012,0.012
22.01.2024 08:33:04.717 GMT-0600,193.363,193.33700000000002,0.012,0.012
22.01.2024 08:33:04.867 GMT-0600,193.37400000000002,193.33599999999998,0.012,0.012
22.01.2024 08:33:05.118 GMT-0600,193.394,193.356,0.012,0.012
22.01.2024 08:33:05.569 GMT-0600,193.37400000000002,193.356,0.012,0.012
22.01.2024 08:33:05.670 GMT-0600,193.37400000000002,193.346,0.012,0.012
22.01.2024 08:33:05.770 GMT-0600,193.393,193.347,0.012,0.012
22.01.2024 08:33:05.871 GMT-0600,193.383,193.347,0.012,0.012
22.01.2024 08:33:05.972 GMT-0600,193.37400000000002,193.346,0.012,0.012
22.01.2024 08:33:06.122 GMT-0600,193.38400000000001,193.346,0.012,0.012
22.01.2024 08:33:06.273 GMT-0600,193.37400000000002,193.346,0.012,0.012
22.01.2024 08:33:06.524 GMT-0600,193.393,193.347,0.012,0.012
22.01.2024 08:33:06.574 GMT-0600,193.393,193.357,0.012,0.012
22.01.2024 08:33:06.875 GMT-0600,193.393,193.347,0.012,0.012
22.01.2024 08:33:06.925 GMT-0600,193.383,193.347,0.012,0.012
22.01.2024 08:33:06.976 GMT-0600,193.394,193.346,0.012,0.012
22.01.2024 08:33:07.077 GMT-0600,193.363,193.347,0.012,0.012
22.01.2024 08:33:07.177 GMT-0600,193.363,193.33700000000002,0.012,0.012
22.01.2024 08:33:07.528 GMT-0600,193.37400000000002,193.33599999999998,0.012,0.012
22.01.2024 08:33:08.431 GMT-0600,193.363,193.33700000000002,0.012,0.012
22.01.2024 08:33:08.481 GMT-0600,193.373,193.33700000000002,0.012,0.012
22.01.2024 08:33:08.532 GMT-0600,193.394,193.346,0.012,0.012
22.01.2024 08:33:08.582 GMT-0600,193.373,193.347,0.012,0.012
22.01.2024 08:33:08.884 GMT-0600,193.36400000000003,193.33599999999998,0.012,0.012
22.01.2024 08:33:08.984 GMT-0600,193.373,193.33700000000002,0.012,0.012
22.01.2024 08:33:09.035 GMT-0600,193.363,193.33700000000002,0.012,0.012
22.01.2024 08:33:09.185 GMT-0600,193.38400000000001,193.36599999999999,0.012,0.012
22.01.2024 08:33:09.236 GMT-0600,193.393,193.36700000000002,0.012,0.012
22.01.2024 08:33:10.189 GMT-0600,193.394,193.37599999999998,0.012,0.012
22.01.2024 08:33:10.290 GMT-0600,193.393,193.36700000000002,0.012,0.012
22.01.2024 08:33:10.641 GMT-0600,193.38400000000001,193.356,0.012,0.012
22.01.2024 08:33:10.691 GMT-0600,193.394,193.356,0.012,0.012
22.01.2024 08:33:10.792 GMT-0600,193.394,193.36599999999999,0.012,0.012
22.01.2024 08:33:10.942 GMT-0600,193.38400000000001,193.356,0.012,0.012
22.01.2024 08:33:11.143 GMT-0600,193.37400000000002,193.356,0.012,0.012
22.01.2024 08:33:11.423 GMT-0600,193.38400000000001,193.36599999999999,0.012,0.012
22.01.2024 08:33:11.674 GMT-0600,193.373,193.357,0.012,0.012
22.01.2024 08:33:11.876 GMT-0600,193.36400000000003,193.33599999999998,0.012,0.012
22.01.2024 08:33:11.928 GMT-0600,193.37400000000002,193.33599999999998,0.012,0.012
22.01.2024 08:33:12.180 GMT-0600,193.363,193.33700000000002,0.012,0.012
22.01.2024 08:33:12.531 GMT-0600,193.353,193.33700000000002,0.012,0.012
22.01.2024 08:33:12.681 GMT-0600,193.34400000000002,193.316,0.012,0.012
22.01.2024 08:33:12.732 GMT-0600,193.333,193.317,0.012,0.012
22.01.2024 08:33:12.782 GMT-0600,193.34400000000002,193.316,0.012,0.012
22.01.2024 08:33:12.983 GMT-0600,193.343,193.30700000000002,0.012,0.012
22.01.2024 08:33:13.040 GMT-0600,193.313,193.287,0.012,0.012
22.01.2024 08:33:13.140 GMT-0600,193.313,193.27700000000002,0.012,0.012
22.01.2024 08:33:13.191 GMT-0600,193.31400000000002,193.256,0.012,0.012
22.01.2024 08:33:13.241 GMT-0600,193.323,193.287,0.012,0.012
22.01.2024 08:33:13.342 GMT-0600,193.33400000000003,193.286,0.012,0.012
22.01.2024 08:33:13.492 GMT-0600,193.323,193.287,0.012,0.012
22.01.2024 08:33:13.542 GMT-0600,193.33400000000003,193.286,0.012,0.012
22.01.2024 08:33:13.643 GMT-0600,193.324,193.296,0.012,0.012
22.01.2024 08:33:13.843 GMT-0600,193.33400000000003,193.286,0.012,0.012
22.01.2024 08:33:13.994 GMT-0600,193.33400000000003,193.296,0.012,0.012
22.01.2024 08:33:14.245 GMT-0600,193.333,193.30700000000002,0.012,0.012
22.01.2024 08:33:14.396 GMT-0600,193.354,193.326,0.012,0.012
22.01.2024 08:33:14.497 GMT-0600,193.363,193.327,0.012,0.012
22.01.2024 08:33:15.149 GMT-0600,193.353,193.327,0.012,0.012
22.01.2024 08:33:15.199 GMT-0600,193.36400000000003,193.326,0.012,0.012
22.01.2024 08:33:16.201 GMT-0600,193.37400000000002,193.33599999999998,0.012,0.012
22.01.2024 08:33:16.352 GMT-0600,193.394,193.36599999999999,0.012,0.012
22.01.2024 08:33:16.452 GMT-0600,193.394,193.356,0.012,0.012
22.01.2024 08:33:16.553 GMT-0600,193.394,193.36599999999999,0.012,0.012
22.01.2024 08:33:16.603 GMT-0600,193.403,193.36700000000002,0.012,0.012
22.01.2024 08:33:16.753 GMT-0600,193.393,193.36700000000002,0.012,0.012
22.01.2024 08:33:16.854 GMT-0600,193.40400000000002,193.36599999999999,0.012,0.012
22.01.2024 08:33:16.955 GMT-0600,193.40400000000002,193.37599999999998,0.012,0.012
22.01.2024 08:33:18.258 GMT-0600,193.40400000000002,193.386,0.012,0.012
22.01.2024 08:33:18.408 GMT-0600,193.424,193.396,0.012,0.012
22.01.2024 08:33:18.659 GMT-0600,193.44400000000002,193.396,0.012,0.012
22.01.2024 08:33:18.860 GMT-0600,193.44400000000002,193.40599999999998,0.012,0.012
22.01.2024 08:33:19.462 GMT-0600,193.423,193.39700000000002,0.012,0.012
22.01.2024 08:33:20.063 GMT-0600,193.44400000000002,193.396,0.012,0.012
22.01.2024 08:33:20.314 GMT-0600,193.433,193.39700000000002,0.012,0.012
22.01.2024 08:33:20.514 GMT-0600,193.423,193.407,0.012,0.012
22.01.2024 08:33:20.565 GMT-0600,193.423,193.387,0.012,0.012
22.01.2024 08:33:20.715 GMT-0600,193.41400000000002,193.37599999999998,0.012,0.012
22.01.2024 08:33:21.166 GMT-0600,193.423,193.377,0.012,0.012
22.01.2024 08:33:21.267 GMT-0600,193.413,193.377,0.012,0.012
22.01.2024 08:33:21.518 GMT-0600,193.403,193.377,0.012,0.012
22.01.2024 08:33:21.568 GMT-0600,193.413,193.377,0.012,0.012
22.01.2024 08:33:21.722 GMT-0600,193.403,193.377,0.012,0.012
22.01.2024 08:33:21.772 GMT-0600,193.403,193.36700000000002,0.012,0.012
22.01.2024 08:33:21.822 GMT-0600,193.394,193.36599999999999,0.012,0.012
22.01.2024 08:33:23.226 GMT-0600,193.394,193.37599999999998,0.012,0.012
22.01.2024 08:33:23.276 GMT-0600,193.383,193.347,0.012,0.012
22.01.2024 08:33:23.577 GMT-0600,193.37400000000002,193.33599999999998,0.012,0.012
22.01.2024 08:33:23.778 GMT-0600,193.33400000000003,193.30599999999998,0.012,0.012
22.01.2024 08:33:23.878 GMT-0600,193.324,193.286,0.012,0.012
22.01.2024 08:33:23.979 GMT-0600,193.323,193.29700000000003,0.012,0.012
22.01.2024 08:33:24.580 GMT-0600,193.323,193.287,0.012,0.012
22.01.2024 08:33:24.681 GMT-0600,193.34400000000002,193.30599999999998,0.012,0.012
22.01.2024 08:33:25.433 GMT-0600,193.33400000000003,193.30599999999998,0.012,0.012
22.01.2024 08:33:25.534 GMT-0600,193.324,193.296,0.012,0.012
22.01.2024 08:33:25.584 GMT-0600,193.333,193.29700000000003,0.012,0.012
22.01.2024 08:33:25.685 GMT-0600,193.34400000000002,193.296,0.012,0.012
22.01.2024 08:33:25.735 GMT-0600,193.323,193.29700000000003,0.012,0.012
22.01.2024 08:33:25.867 GMT-0600,193.323,193.30700000000002,0.012,0.012
22.01.2024 08:33:26.018 GMT-0600,193.293,193.257,0.012,0.012
22.01.2024 08:33:26.068 GMT-0600,193.273,193.257,0.012,0.012
22.01.2024 08:33:26.119 GMT-0600,193.27400000000003,193.24599999999998,0.012,0.012
22.01.2024 08:33:26.220 GMT-0600,193.264,193.236,0.012,0.012
22.01.2024 08:33:26.321 GMT-0600,193.28400000000002,193.24599999999998,0.012,0.012
22.01.2024 08:33:26.371 GMT-0600,193.27400000000003,193.24599999999998,0.012,0.012
22.01.2024 08:33:26.471 GMT-0600,193.27400000000003,193.236,0.012,0.012
22.01.2024 08:33:26.522 GMT-0600,193.264,193.226,0.012,0.012
22.01.2024 08:33:26.823 GMT-0600,193.25400000000002,193.226,0.012,0.012
22.01.2024 08:33:26.973 GMT-0600,193.263,193.227,0.012,0.012
22.01.2024 08:33:27.074 GMT-0600,193.263,193.23700000000002,0.012,0.012
22.01.2024 08:33:27.324 GMT-0600,193.294,193.266,0.012,0.012
22.01.2024 08:33:27.376 GMT-0600,193.28400000000002,193.24599999999998,0.012,0.012
22.01.2024 08:33:27.476 GMT-0600,193.28400000000002,193.256,0.012,0.012
22.01.2024 08:33:27.577 GMT-0600,193.303,193.27700000000002,0.012,0.012
22.01.2024 08:33:27.627 GMT-0600,193.28400000000002,193.24599999999998,0.012,0.012
22.01.2024 08:33:27.728 GMT-0600,193.294,193.256,0.012,0.012
22.01.2024 08:33:28.029 GMT-0600,193.283,193.257,0.012,0.012
22.01.2024 08:33:28.079 GMT-0600,193.293,193.257,0.012,0.012
22.01.2024 08:33:28.180 GMT-0600,193.294,193.24599999999998,0.012,0.012
22.01.2024 08:33:28.280 GMT-0600,193.30400000000003,193.27599999999998,0.012,0.012
22.01.2024 08:33:28.331 GMT-0600,193.30400000000003,193.266,0.012,0.012
22.01.2024 08:33:28.481 GMT-0600,193.31400000000002,193.266,0.012,0.012
22.01.2024 08:33:28.531 GMT-0600,193.313,193.287,0.012,0.012
22.01.2024 08:33:28.682 GMT-0600,193.324,193.286,0.012,0.012
22.01.2024 08:33:28.833 GMT-0600,193.34400000000002,193.30599999999998,0.012,0.012
22.01.2024 08:33:28.983 GMT-0600,193.363,193.327,0.012,0.012
